2693 4077
935 401 1276 431 EXPLICATIO
1317 400 1574 431 TAB.xv111.
1616 389 1808 430 mensso.
2366 405 2415 448 77

1096 498 1378 550 Mascali
1409 498 1635 568 pelvis.

343 637 400 669 45.
427 632 667 669 Attrahenlis
690 631 831 677 pelvim
860 643 949 678 pars.
977 631 1033 676 (cf.
1056 629 1143 665 Tab.
1157 630 1252 677 XV.)

340 704 398 735 44.
427 700 665 735 Retrahentis
679 699 823 743 pelvim
841 697 1044 745 vestigium,
1071 697 1128 732 vix
1150 697 1390 742 innotescens,
1417 707 1555 746 tegente
1579 697 1726 744 obliquo
1747 697 1968 732 abdomini&
1998 696 2204 749 (Muscsm.)
2232 700 2344 750 (ibid.)

344 770 401 802 45.
428 769 629 802 Adducens
644 765 799 810 pelvim.

445 833 589 867 Atestae
612 831 757 865 dorsalis
781 840 874 865 costa
887 831 1050 878 septima,
1078 841 1214 875 octava,
1242 843 1350 875 nona,
1377 843 1419 867 ex
1440 844 1518 867 area
1539 830 1686 866 Tab.II.
1713 832 1772 879 fig.
1784 830 1836 865 5⁶.
1848 845 1881 865 u.
1901 830 2056 879 depicta,
2083 844 2160 870 ante
2172 835 2414 884 ligamentum,

340 898 437 947 quod
460 898 589 946 pelvim
611 897 653 931 ad
679 908 799 932 testam
822 896 998 932 dorsalem
1022 897 1222 945 suspendit,
1250 899 1322 946 (††
1336 897 1432 946 ibid.)

443 964 484 998 ad
507 965 644 999 cristam
668 965 750 999 ossis
766 965 881 1008 ilium,
911 974 1110 999 antrorsum
1139 964 1241 1012 (Tab.
1253 965 1316 999 VI.
1343 966 1402 1013 fig.
1421 967 1535 1013 12.a.)
1562 976 1595 1001 et
1613 966 1827 1012 introrsum,
1855 980 1965 1015 usque
1986 965 2030 1001 ad
2049 967 2278 1015 ligamentum
2295 979 2415 1006 sacro—

393 1032 544 1065 iliacum.
572 1031 674 1078 (Tab.
685 1032 785 1066 XIV.
815 1032 1002 1080 fig.64.f0.)

335 1098 398 1132 46.
427 1098 626 1132 Abdncens
644 1100 795 1144 pelvim.

390 1164 424 1198 A
445 1174 536 1199 costa
560 1178 652 1199 nona
670 1175 703 1199 et
720 1175 857 1209 octava,
886 1162 976 1213 (vide
998 1178 1114 1199 aream
1137 1162 1279 1200 Tab.II.
1304 1166 1363 1214 fig.
1378 1167 1465 1211 δῖ’-ν,
1487 1171 1579 1214 juxta
1599 1177 1632 1202 et
1652 1178 1746 1203 retro
1766 1168 1876 1217 pelvis
1898 1168 2077 1217 ligameut.
2100 1169 2260 1217 superius
2280 1170 2365 1218 ††.)

390 1230 433 1266 ad
460 1233 597 1266 cristam
620 1232 702 1266 ossis
722 1232 837 1276 ilium,
865 1243 1069 1266 retrorsum.
1097 1231 1200 1279 (Tab.
1213 1232 1276 1266 VI.
1305 1235 1494 1280 sig.12.a.)

443 1298 499 1332 Ab
520 1301 727 1333 adducente
751 1299 858 1346 pelvis
880 1299 1049 1333 fibrarum
1070 1296 1220 1332 decursu
1241 1308 1273 1332 et
1293 1299 1428 1333 actione
1451 1300 1568 1346 potius
1591 1314 1696 1347 quam
1716 1315 1794 1336 vera
1816 1302 2031 1348 sejunctione
2050 1302 2180 1337 distans
2200 1302 2259 1338 hic
2279 1315 2416 1339 muscu-

389 1364 462 1408 lus,
490 1378 557 1399 una
577 1380 655 1399 rum
679 1366 818 1413 priore,
845 1379 919 1400 eam
945 1365 1124 1412 superiore
1145 1365 1253 1412 pelvis
1273 1366 1418 1413 regione
1440 1366 1565 1413 repetit
1592 1367 1782 1412 fabricam,
1819 1381 1926 1416 quam
1960 1368 2054 1415 apud
2076 1371 2251 1404 musculos
2286 1371 2416 1418 pelvim

390 1434 643 1466 attrahentem
668 1442 701 1467 et
730 1434 983 1467 retrahentem
1010 1430 1110 1479 (Tab.
1121 1430 1204 1466 XV.
1227 1434 1272 1466 45
1297 1442 1329 1467 et
1348 1433 1419 1479 44.)
1447 1431 1710 1467 declaravimus

445 1498 504 1532 An
526 1498 594 1534 hoc
616 1500 706 1534 forte
729 1498 912 1546 quoddam
934 1498 1083 1533 musculi
1111 1501 1292 1545 quadrati
1315 1500 1525 1535 lamborum
1554 1500 1810 1535 simulacrum?

871 1602 1153 1651 Mascali
1198 1602 1260 1651 in
1299 1603 1548 1653 caudae
1597 1605 1887 1676 regione.

342 1700 398 1744 47.
413 1701 470 1745 47.
498 1702 684 1736 Extensor
705 1703 859 1736 caudae.

443 1766 559 1801 Omne
577 1767 762 1803 dimidium
786 1768 944 1816 superius
965 1766 1111 1811 caudae,
1138 1767 1179 1802 ab
1199 1781 1272 1804 osse
1300 1779 1398 1804 sacro
1425 1765 1528 1813 inde,
1556 1780 1747 1818 occupans,
1774 1770 2054 1820 polymorphus,
2082 1785 2099 1806 e
2123 1769 2294 1806 fasciculis
2315 1771 2418 1807 deora

389 1845 465 1867 sum
487 1844 521 1868 et
538 1848 677 1868 sursum
695 1835 908 1877 intertextis,
936 1834 1209 1878 restiformibus,
1237 1837 1438 1870 musculoso
1462 1836 1650 1882 multiplici
1674 1847 1776 1883 atque
1800 1837 1987 1871 tendinoso
2007 1848 2113 1872 strato
2135 1838 2255 1881 variis,
2282 1852 2299 1873 a
2318 1852 2417 1886 prae-

389 1899 452 1932 viis
481 1899 747 1947 quibuscunque
770 1901 1009 1933 vertebrarum
1030 1900 1190 1946 coccygis
1213 1899 1338 1946 hisque
1360 1900 1516 1933 finitimis
1538 1901 1694 1946 partibus
1715 1901 1892 1943 oriundis,
1919 1903 2077 1936 ossiculis
2099 1905 2259 1952 coccygis
2282 1906 2415 1950 vicinis,

389 1977 480 2011 quae
501 1966 797 2012 superscandunt,
824 1964 941 1999 eundo
963 1963 1231 1998 adhaerentibus
1254 1973 1312 2008 ut,
1339 1966 1541 1999 musculoso
1562 1965 1706 1999 denium
1729 1967 1783 2000 vel
1803 1968 2020 2013 frequentius
2043 1968 2228 2004 tendinoso
2250 1973 2338 2016 fine,
2367 1986 2418 2006 re·-

390 2031 599 2065 motioribus
627 2031 832 2065 inserantur.

442 2096 555 2138 Quale
577 2097 680 2145 quid,
707 2097 811 2132 simili
831 2107 915 2146 typo
935 2104 1191 2141 constructum,
1219 2093 1324 2145 supra
1346 2096 1442 2146 apud
1461 2096 1590 2132 caudae
1600 2099 1767 2142 flexores
1788 2100 1965 2134 musculos
1988 2100 2088 2149 (Tab.
2104 2101 2205 2138 XVI.
2233 2102 2345 2139 Musc.
2358 2108 2415 2152 49.

391 2164 515 2198 50.51.
532 2166 603 2211 52.)
632 2164 850 2212 interpretati
874 2176 1003 2198 sumus.
2165 2170 2167 2173 “

444 2230 478 2265 Α
498 2230 643 2265 dorsalis
665 2241 768 2265 testae
789 2230 926 2265 laminis
950 2228 1073 2264 mediis
1095 2243 1185 2264 nona
1207 2240 1240 2265 et
1262 2230 1396 2266 decima
1416 2240 1449 2266 et
1469 2245 1487 2266 a
1509 2242 1602 2266 costa
1624 2245 1738 2278 nona,
1767 2234 1821 2281 (cf.
1836 2233 1921 2269 Tab.
1935 2234 1977 2268 ΙΙ.
2005 2236 2064 2282 fig.
2079 2235 2127 2269 5⁶·
2137 2250 2180 2272 w.
2193 2237 2238 2283 x.)
2264 2250 2283 2271 *a
2295 2238 2416 2274 cristae

390 2296 490 2330 ilium
519 2298 648 2343 arngulo
670 2297 883 2343 posteriore,
919 2309 937 2329 a
958 2297 1144 2343 superficie
1166 2299 1250 2332 ossis
1269 2298 1357 2333 sacri
1378 2298 1579 2345 ossiumque
1607 2300 1788 2348 coccygis3
1814 2300 1942 2348 passim
1974 2301 2077 2338 etiam
2108 2304 2150 2338 ab
2178 2303 2309 2339 horum
2329 2319 2414 2353 pro-

391 2362 541 2395 cessibus
560 2363 777 2407 transversis,

444 2427 487 2461 ad
508 2429 739 2464 ossiculorum
758 2429 917 2478 coccygis
936 2431 1134 2479 superiora,
1160 2429 1354 2467 eorundem
1375 2430 1536 2478 inprimis
1561 2430 1694 2476 medio,
1721 2446 1832 2480 usque
1860 2432 1903 2467 ad
1927 2446 2109 2481 processus
2130 2436 2261 2483 spinosi
2283 2438 2415 2484 Iocum,

392 2494 519 2528 arctius
537 2495 739 2530 adhaerens.

348 2561 404 2594 48.
432 2563 571 2596 Flexor
588 2563 734 2597 calidae}
758 2565 938 2598 lateralis.
967 2565 1023 2606 (cf.
1047 2562 1259 2611 Tab.XVI.)

344 2630 500 2672 49-51.
528 2632 705 2664 Flexores
724 2629 869 2674 caudae,
896 2633 1075 2676 itfferz'or,
1103 2632 1277 2667 lumbulis
1297 2641 1331 2667 et
1360 2632 1635 2674 obturatorias,
1664 2633 1826 2668 contexti.
1854 2633 1972 2685 (ibid.)

343 2695 400 2726 55.
430 2695 629 2740 Sphincter
649 2698 809 2731 cloacae.
836 2698 892 2743 (cf.
918 2696 1114 2747 Tab.XV.)

345 2760 400 2792 54.
429 2762 625 2795 Dilalator
645 2764 802 2797 cloacae.
827 2763 940 2811 (ibid.)

346 2826 402 2860 55.
431 2829 662 2862 Ps-otralzens
684 2832 886 2872 είίίονίιίἰε,
915 2830 1001 2878 (vel,
1029 2830 1065 2865 in
1095 2844 1246 2880 corpore
1267 2832 1442 2876 masculo,
1465 2834 1658 2879 pr.penis)
1685 2833 1760 2878 ubi,
1797 2833 1948 2870 adlatus
1969 2837 2119 2872 musculi
2136 2835 2297 2882 flexeris
2326 2852 2412 2874 cau-²

396 2895 466 2928 dae
491 2896 665 2929 lmnbalis
692 2896 814 2943 (Musc.
827 2899 896 2942 50.)
924 2896 1155 2942 descendens,
1183 2912 1244 2946 per
1267 2898 1402 2934 hiatum
1425 2902 1633 2934 transversi
1649 2901 1858 2936 abdominis
1879 2903 1974 2950 (41*)
2002 2904 2226 2953 conspicitur.

449 2960 662 2997 'Universum
684 2965 881 2999 musculum
903 2964 1147 3001 decurrentem
1169 2966 1329 3014 exposuit
1349 2966 1538 3015 superioris
1557 2965 1712 3002 Tabulae
1724 2967 1844 3002 XVII.
1873 2970 1932 3017 fig.
1947 2982 2003 3015 72.

875 3098 1158 3153 Masculi
1202 3102 1473 3154 membri
1509 3104 1883 3155 anterioris.

348 3232 404 3266 56.
434 3230 638 3268 Pectat-alis
657 3237 789 3280 nmjor.
817 3236 871 3284 (cf.
893 3235 1089 3282 Tab.XV.)

349 3300 406 3342 57.
434 3301 611 3335 Serratus
632 3315 799 3347 magnas.
825 3301 938 3351 (ibid.)

350 3365 406 3398 58.
433 3367 662 3403 Latis-sinuas
680 3370 791 3402 dorsi.
820 3370 873 3416 (cf.
892 3369 977 3404 Tab.
992 3367 1107 3416 XVI.)

349 3432 405 3477 59.
434 3433 664 3469 Sabclavias.
692 3436 748 3481 (cf.
769 3434 854 3470 Tab.
868 3436 1004 3484 XVII.)

448 3498 530 3533 Non
553 3501 617 3535 nisi
636 3501 831 3549 marginem
852 3516 871 3537 a
888 3513 973 3538 testa
993 3502 1122 3538 dorsali
1144 3503 1316 3548 solutum,
1338 3515 1488 3552 eumque
1503 3515 1593 3540 retro
1614 3505 1816 3540 musculum
1838 3505 2062 3541 latissimum
2076 3506 2179 3541 dorsi
2205 3505 2328 3554 (Musc-
2345 3506 2413 3552 58.)

509 3577 791 3614 comparentem,
818 3569 886 3604 hoc
905 3571 973 3605 situ
997 3571 1109 3605 offert.

348 3632 404 3665 60.
433 3630 562 3679 Capitis
580 3633 721 3668 maximi
742 3636 914 3670 deltoidis
938 3650 1028 3684 pars,
1048 3647 1165 3671 sterno
1189 3635 1391 3674 adhaerens.
1419 3638 1477 3686 (cf.
1496 3636 1677 3673 Tab.XV.
1707 3639 1803 3687 Gom)

348 3699 404 3732 61.
436 3700 626 3734 Claviculo
637 3720 650 3727 -
662 3701 873 3736 brachiolis.
899 3703 956 3750 (cf.
977 3703 1063 3739 Tab.
1076 3702 1192 3751 XVI.)
2073 3755 2093 3774 ἡ

2018 3766 2062 3789 20
