2693 4077
303 353 382 395 148
869 362 871 364 ’
924 362 1263 389 EXPLICATIO
1295 361 1410 389 TAB.
1435 363 1560 390 XXVI.
1593 363 1695 389 FIG.
1731 350 1818 405 157.

299 461 329 495 *.
362 461 521 494 cloacae
540 458 678 493 ostium.
729 490 732 492 .

297 527 574 562 A-F,64.65.
600 524 788 559 Arteriae.
978 551 984 556 .
1019 540 1038 554 ι,

402 595 450 629 Α.
478 591 636 627 Arteriae
657 602 804 637 magnae
823 599 979 623 truncus.
1032 590 1077 623 B.
1106 588 1217 623 Aona
1237 589 1382 624 sinistra.
1440 591 1478 625 C.
1506 589 1582 625 Art.
1606 590 1818 638 pulmonalis
1840 593 2046 628 communis.
2073 592 2224 629 Lumina
2248 593 2375 631 harum

462 658 690 701 arteriarum,
721 669 830 704 prope
855 656 971 691 cordis
994 657 1228 690 ventriculum
1250 666 1469 702 truncatum,
1498 657 1628 691 hiantia
1648 669 1862 706 comparent.
1896 662 1944 694 D.
1967 661 2045 694 Art.
2069 661 2262 705 subclavia,
2295 675 2379 697 mox

462 726 526 760 sub
551 725 713 772 amplexu
738 724 907 758 cisternae
928 723 1022 772 chyli
1049 723 1214 770 jugularis
1234 723 1448 758 delitescens.
1501 727 1545 759 F.
1558 727 1613 760 F'.
1641 725 1801 760 Arteriae
1823 726 1999 770 axillares,
2031 727 2166 762 sinistra
2192 737 2223 762 et
2244 727 2378 773 dextra,

464 805 482 827 e
505 791 754 827 circumductis
772 791 859 825 vasis
887 789 1110 839 lymphaticis
1131 800 1357 838 emergentes.
1414 792 1458 825 G.
1480 791 1557 825 Art.
1579 793 1902 840 gastro-epiploica‚
1929 807 1946 828 e
1966 793 2090 828 ductus
2112 795 2280 829 thoracici
2301 808 2378 829 cru-

466 873 504 895 re
526 860 666 894 sinistro
689 858 880 900 ambiente,
908 867 1012 904 atque
1029 857 1116 891 vasis
1135 857 1163 906 l)
1174 856 1375 904 niphathiS,
1403 858 1467 892 sibi
1490 858 1831 903 circumfluentibus,
1851 861 2017 896 truncatis
2039 860 2222 909 prodirem,
2241 871 2279 896 ut
2299 874 2380 897 ven·

464 927 633 962 triculum
654 938 771 961 versus
795 924 977 970 dirigatur.
1006 924 1060 971 (cf.
1087 922 1173 958 Tal).
1188 924 1307 958 XXX.
1337 925 1396 970 fig.
1413 937 1491 970 ¹79·
1524 926 1581 972 G.)
1634 927 1682 959 H.
1711 926 1788 961 Art.
1811 928 1981 970 coeliaca,
2008 941 2087 963 cum
2110 928 2196 962 vasis
2217 928 2380 977 lympha-

464 994 542 1029 ticis
563 993 662 1028 sociis
692 991 790 1026 scissa
819 1004 930 1039 prope
951 991 1069 1024 locum
1090 991 1172 1034 ubi,
1199 991 1288 1024 intra
1311 992 1435 1024 ductus
1455 992 1624 1026 thoracici
1649 992 1882 1029 redundantes
1909 1005 2039 1042 partes,
2066 994 2245 1030 delitescit.
2273 997 2307 1030 J.
2324 996 2380 1030 64.

466 1062 522 1095 65.
553 1060 628 1095 Art.
649 1058 875 1093 mesenterica
910 1071 927 1093 e
950 1058 1161 1106 receptaculi
1184 1057 1277 1108 chyli
1297 1058 1518 1106 amplexibus
1541 1059 1711 1104 evadens,
1738 1060 1774 1094 in
1795 1074 1895 1096 arcus
1914 1061 2126 1097 intestinales
2151 1075 2233 1098 mox
2256 1063 2382 1098 soluta.

464 1127 561 1173 (ibid.
583 1127 768 1174 ι[6465)

298 1198 406 1233 a—i.
436 1197 578 1231 [senae.

406 1276 486 1298 a.a.
516 1261 637 1296 Venae
659 1273 761 1295 cavae
785 1259 1001 1308 superiores,
1039 1259 1096 1295 nbi
1119 1259 1153 1294 in
1176 1259 1289 1294 sinum
1312 1272 1537 1294 communem
1561 1272 1729 1295 venosum
1749 1260 1909 1296 incidunt
1929 1271 2118 1298 truncatae.
2171 1263 2295 1298 a*.a*.
2318 1262 2385 1297 Ra-

464 1329 512 1365 mi
538 1328 656 1363 venosi
681 1328 799 1375 plures
825 1327 857 1361 in
881 1327 1073 1361 subclavias
1096 1326 1255 1369 demissi,
1282 1327 1450 1371 truncati,
1478 1327 1660 1374 superiore
1685 1329 1797 1374 figura
1826 1327 2001 1377 descripti.
2054 1332 2136 1363 ὠά.
2165 1329 2285 1364 Venae
2307 1328 2384 1377 thy-

466 1395 686 1438 mii-ae,-ubi
713 1407 730 1428 e
752 1394 919 1428 cisternae
941 1393 1111 1440 jugulat-is
1134 1394 1266 1428 ambitu
1292 1393 1475 1440 prodeunt.
1524 1407 1609 1439 gg.
1637 1393 1759 1429 Venae
1778 1395 1972 1430 subelaviae
1994 1397 2029 1430 in
2051 1409 2154 1430 venas
2184 1409 2282 1430 cavas
2306 1408 2383 1429 mu-

466 1460 614 1505 taudae,
651 1462 834 1507 frequente
859 1460 1157 1508 lymphaticorum
1178 1470 1344 1506 apparatu
1366 1459 1558 1506 plurimum
1580 1469 1709 1504 tectae,
1747 1473 1787 1494 eo
1810 1470 1924 1495 tamen
1956 1461 2036 1495 loco
2058 1470 2300 1508 comparentes
2325 1460 2388 1494 ubi

466 1528 704 1570 emissarium,
732 1522 755 1561 e*
774 1526 883 1561 ductu
905 1525 1086 1560 thoracico
1110 1526 1367 1569 transmissum,
1395 1525 1581 1573 excipiunt.
1603 1526 1658 1574 (Η)
1719 1528 1754 1560 Ιι.
1767 1528 1790 1561 i.
1818 1527 1917 1562 Vena
1944 1527 2132 1562 brachialis
2155 1537 2187 1562 et
2207 1526 2383 1575 jugularis,

465 1595 499 1629 in
526 1594 736 1628 subclaviam
765 1595 990 1627 confluentes.

307 1677 365 1711 27.
381 1676 437 1708 27.
452 1674 508 1705 27.
526 1675 580 1707 27.
608 1660 764 1697 Musculi
787 1650 994 1695 retrahentis
1014 1658 1135 1706 capitis
1157 1658 1309 1706 collique
1332 1668 1463 1706 partes,
1499 1659 1683 1693 intervallo
1711 1673 1853 1694 crurum
1878 1659 2003 1695 ductus
2035 1660 2201 1696 thoracici
2235 1669 2267 1695 et
2297 1660 2387 1694 inter

355 1728 499 1765 ultimos
522 1729 710 1776 pulmones
729 1727 850 1774 paullo
869 1726 1085 1774 adparentes.
1117 1726 1173 1769 (cf.
1196 1725 1280 1759 Tab.
1293 1725 1376 1760 XX.
1404 1727 1532 1773 fig.82.
1560 1726 1647 1773 sign.
1663 1727 1734 1772 27.)

307 1800 375 1832 55'.
405 1795 557 1831 Musculi
586 1794 821 1842 protrahamus
850 1794 966 1840 penis,
1003 1805 1116 1840 prope
1137 1791 1364 1827 insertionem
1395 1793 1431 1827 in
1453 1793 1664 1827 substratum
1691 1793 1855 1829 urethrae
1878 1793 2080 1830 tendineum
2111 1795 2280 1840 truncati,
2307 1794 2390 1830 resi-

354 1864 476 1898 duum.
505 1862 562 1909 (cf.
582 1860 669 1895 Tab.
685 1859 803 1894 XVII.
832 1860 902 1906 55.)

305 1932 363 1966 64.
378 1932 435 1964 65.
463 1928 645 1971 Arteriae,
671 1925 750 1961 vide
770 1939 876 1973 supra
897 1925 945 1960 A.

309 2011 398 2038 6-21.
421 1999 568 2032 Ductus
591 1996 802 2029 thoraciclas
823 1993 925 2040 eique
949 2005 1099 2040 appensa
1122 1994 1366 2038 lymphatica.
1394 1993 1449 2040 (cf.
1470 1991 1708 2027 Tab.XXVI.
1735 1994 1795 2040 fig.
1813 1994 1892 2028 155.
1919 1994 1980 2029 ubi
2002 1994 2068 2029 situ
2089 1994 2222 2030 laterali
2232 2002 2390 2030 seorsum

354 2064 499 2100 veniunt
522 2072 626 2109 atque
649 2061 756 2095 fusius
780 2060 916 2107 singula
941 2058 1213 2104 describuntur.)

417 2143 443 2170 6.
464 2131 759 2177 Receptaculum
791 2129 889 2172 chyli
918 2140 943 2161 s.
974 2139 1129 2162 recessus
1159 2125 1311 2161 lateralis
1344 2124 1469 2160 ductus
1491 2123 1677 2170 thoracici,
1703 2138 1781 2161 vasa
1801 2125 1971 2176 chylifera
1993 2127 2057 2175 (m.)
2078 2140 2119 2162 ex
2143 2127 2389 2162 intestinorum

470 2207 580 2231 tractu
603 2196 791 2243 excipiens.

414 2273 450 2303 6‘.
484 2265 658 2298 Cisterna
682 2261 777 2311 chyli
800 2263 1061 2296 abdominalis.

412 2353 440 2371 0,
455 2353 480 2371 3,
513 2332 635 2365 Crura
667 2330 753 2364 bina
783 2328 908 2363 ductus
936 2326 1104 2362 thoracici
1138 2326 1340 2370 divaricata,
1376 2325 1619 2374 oesophagum
1640 2338 1722 2360 cum
1742 2335 1895 2374 utroque
1916 2326 2078 2362 broncho
2100 2340 2163 2375 per
2182 2327 2234 2362 sui
2259 2326 2393 2362 hiatum

472 2396 758 2439 transmittentia,
786 2406 823 2430 ut
845 2406 922 2430 ante
943 2394 1044 2429 hasce
1071 2404 1183 2442 partes
1206 2394 1241 2428 in
1262 2394 1406 2428 cisterna
1428 2394 1579 2440 jugulari
1602 2393 1730 2428 iterum
1749 2395 2024 2440 conjungantur.

415 2487 442 2506 ς.
470 2467 642 2500 Cis-terna
660 2465 758 2509 clzyli
772 2464 986 2510 jugulari-5,
1014 2475 1031 2496 e
1055 2474 1227 2496 concursu
1249 2473 1393 2494 crurum
1415 2459 1541 2494 ductus
1561 2459 1730 2493 thoracici
1751 2469 1854 2506 atque
1881 2459 2176 2507 lymphaticorum
2199 2461 2294 2504 colli,
2317 2461 2395 2495 bra-

474 2531 566 2573 chii,
586 2532 648 2565 rel.
671 2532 838 2573 conflata,
866 2530 1082 2563 submersam
1106 2529 1196 2562 inter
1220 2528 1394 2561 anfractus
1415 2525 1710 2559 circumludentes
1729 2535 1849 2559 tenens
1870 2524 2075 2572 glandulam
2095 2525 2224 2573 thymi,
2251 2539 2293 2560 co
2313 2526 2391 2573 ipso

473 2597 572 2640 loeo,
599 2596 654 2629 cui
676 2605 756 2628 nota
778 2594 832 2640 (e.)
854 2594 1018 2640 inscripta
1041 2601 1100 2626 est.

415 2686 501 2704 >fs->rc-
514 2685 551 2702 m.
565 2685 602 2702 m.
636 2664 744 2696 Vasa
763 2661 947 2704 clzylcfera
968 2658 1123 2693 intestini
1143 2657 1256 2693 tenuis
1277 2666 1429 2692 servatae
1452 2657 1543 2704 parti
1561 2657 1627 2691 alia
1651 2656 1890 2701 cohaerentia,
1918 2670 2029 2706 prope
2051 2657 2236 2692 transitum
2251 2657 2286 2692 in
2300 2670 2394 2692 rece-

478 2729 657 2780 ptaculum
684 2726 778 2776 chyli
798 2735 954 2760 truncata
980 2725 1055 2760 alia.

416 2821 505 2839 aaut·
529 2797 622 2832 Vasa
653 2795 887 2841 {ymplzatica
917 2805 934 2827 e
959 2792 1217 2839 pulmonibuS,
1244 2791 1340 2836 juxta
1363 2789 1565 2825 bronchum
1588 2790 1641 2824 sui
1661 2790 1777 2825 lateris
1799 2789 1843 2824 ad
1864 2805 1942 2825 crus
1964 2789 2089 2826 ductus
2107 2790 2276 2826 thoracici
2297 2789 2398 2826 adve-

477 2865 617 2900 nientia.

421 2943 491 2971 aa.
519 2928 751 2979 Lymphatica
776 2929 879 2969 colli,
907 2926 1053 2961 arteriae
1077 2923 1222 2960 carotidi
1244 2924 1353 2968 socia,
1379 2923 1415 2957 in
1437 2923 1621 2957 cisternam
1643 2924 1836 2970 iugularem
1856 2922 2061 2959 delabentia.

412 3013 442 3038 -ς,
466 2995 698 3044 Lymphatica
717 3007 735 3028 e
750 2996 897 3028 humeri
919 2994 1171 3038 scapulaeqae
1193 2991 1295 3033 loco,
1325 2990 1488 3025 extremis
1510 2989 1635 3023 ductus
1660 2988 1827 3024 thoracici
1851 2991 2012 3025 cruribus
2023 3003 2184 3037 appensa.

420 3087 446 3104 ³.
474 3064 683 3100 Pectoralis
704 3071 737 3097 et
757 3062 960 3095 brachiolis
981 3058 1279 3108 lymphaticorum
1294 3058 1448 3104 plexa-9,
1475 3056 1566 3091 eirca
1586 3056 1747 3091 arteriam
1769 3057 1948 3092 axillarem
1968 3056 2093 3091 ludens
2112 3056 2211 3090 lateri
2231 3055 2397 3091 cisternae

480 3130 651 3178 jngularis
673 3130 829 3174 junctu&

423 3219 454 3237 a.
467 3218 496 3237 a.
520 3198 772 3233 Emissarimn
786 3193 911 3231 ductus
927 3191 1096 3229 thoracici
1114 3201 1322 3239 utrumque,
1349 3203 1392 3226 ex
1410 3189 1536 3224 ultimo
1554 3202 1656 3224 crure
1674 3189 1710 3224 in
1721 3201 1843 3224 venam
1858 3191 2052 3238 jugularem
2066 3189 2117 3223 sui
2130 3189 2244 3224 lateris
2257 3188 2397 3224 ducens.
