2693 4077
2334 352 2406 392 171

937 441 1815 495 PARERG-ON.

334 556 779 641 QUEMADMODUM,
807 579 861 612 ad
885 578 1053 622 singulas
1078 577 1327 610 animantium
1351 583 1483 620 partes
1499 578 1682 620 funditus
1702 578 2006 622 perspiciendas,
2035 577 2169 610 non-in
2187 576 2285 611 hisce
2308 581 2409 620 solis,

331 658 616 700 quantocunque
646 648 769 681 studio
789 644 1016 690 exploratiS,
1045 656 1211 689 unquam.
1240 643 1534 683 subsistendum,
1571 646 1639 677 sed
1664 650 1796 676 cuncta
1825 643 1992 676 universi
2018 642 2186 689 corporis
2207 650 2412 687 systemata

328 718 575 766 peragranda
595 722 631 749 et
649 728 668 747 e
683 712 869 747 communi
889 711 1053 743 omnium
1071 716 1247 742 concentu
1264 716 1349 742 sunt
1366 711 1677 755 interpretanda,-
1704 711 1778 750 ita,
1807 716 1848 742 ut
1862 717 1960 743 recte
1976 711 2166 755 intelligas
2182 711 2413 755 singulorum

327 797 509 832 generum
533 797 553 816 e
570 782 736 828 quadam
757 778 979 812 animalium
1003 777 1120 809 classe
1131 775 1342 819 fabricam,
1359 776 1635 818 finitimorum,
1664 778 1753 821 quin
1773 777 1885 810 immo
1902 778 2147 810 remotiorum·
2164 777 2279 811 etiam
2297 783 2333 810 et
2356 789 2414 811 or-

333 854 412 887 dini
429 852 632 897 peregrim
659 845 947 892 pertinentiam,
975 845 1185 887 adjuvante
1207 843 1416 887 cognitione
1436 855 1531 887 opus
1550 849 1615 875 est,

438 918 544 960 Quae
556 913 679 958 affinis
693 913 754 946 vel
767 912 1017 956 discrepantis
1029 916 1241 943 structurae
1250 915 1438 953 perpetua
1451 910 1697 953 comparatio,
1727 915 1766 943 ut
1785 910 1823 943 in
1835 916 1944 943 tanta
1953 922 2098 951 rerum,
2126 923 2304 956 magnam
2319 923 2413 956 par-

334 992 406 1020 tem
423 984 539 1018 obiter
552 981 784 1014 solummodo
803 977 1109 1016 observaturum,
1138 977 1322 1008 varietate
1340 975 1521 1019 difficilis,
1541 977 1596 1009 ita
1613 978 1826 1010 necessaria
1843 983 1878 1009 et
1893 976 2160 1017 ineluctabilis,
2184 978 2416 1022 quandoqui-

337 1054 420 1086 dem
439 1051 479 1083 in
497 1046 748 1082 describendis
764 1043 939 1090 partibus
959 1056 982 1076 a
1004 1041 1231 1082 nominibuS,
1253 1054 1297 1075 ex
1314 1043 1494 1086 analogia
1512 1043 1712 1087 eligendis,
1725 1044 1816 1085 jam
1836 1055 1909 1076 non
1922 1049 2049 1088 potest
2067 1043 2256 1076 abstineri.
2286 1044 2416 1088 Neque

334 1132 359 1152 a
384 1118 586 1163 frequente
628 1125 774 1153 errore,
801 1111 990 1154 facillime
1018 1109 1257 1153 subrepente,
1283 1108 1489 1142 absterreri
1526 1109 1687 1150 debebit,
1717 1111 1781 1154 qui
1804 1122 1941 1143 novam
1960 1110 2128 1155 aliquam
2149 1117 2185 1143 et
2195 1122 2339 1155 parum
2359 1110 2421 1143 vel

334 1185 485 1218 minime
507 1181 647 1226 cogniti
667 1179 858 1222 nucusque
876 1176 1054 1209 animalis
1071 1176 1343 1209 accuratiorem
1368 1176 1656 1220 descriptionem
1675 1177 1836 1210 molitur.
1884 1175 2014 1209 Omnis
2033 1178 2131 1209 enim
2151 1178 2265 1210 cardo
2284 1182 2416 1209 anato-

336 1251 457 1283 micae
488 1245 743 1291 comparantis
766 1244 958 1276 doctrinae
975 1243 1013 1274 in
1034 1242 1103 1274 lzoc
1124 1242 1300 1282 vertitur,
1330 1249 1370 1274 ut
1388 1249 1515 1275 mutuo
1538 1248 1670 1275 cuncta
1688 1255 1767 1275 sese
1785 1243 1973 1275 illustrent
1989 1249 2102 1287 atque
2121 1243 2415 1277 corroborentur.

340 1315 483 1357 Quodsi
504 1313 642 1360 primis
676 1311 777 1344 hisce
803 1315 853 1349 et,
888 1308 1129 1352 quantunwis
1159 1320 1307 1340 summa
1330 1308 1571 1352 cut-afactt's,
1599 1308 1815 1342 rudioribus
1836 1315 1963 1342 tamen
1982 1321 2128 1354 semper
2149 1310 2421 1342 inchoamentis

333 1394 404 1427 per
420 1391 567 1414 errores
590 1377 864 1422 assurgendum
884 1375 954 1416 sit;
981 1373 1050 1406 hoc
1071 1385 1180 1418 opu-9,
1212 1374 1272 1406 hic
1293 1373 1421 1407 labor!
1463 1375 1593 1418 Neque
1610 1376 1708 1407 enim
1729 1375 1778 1414 si,
1808 1381 1848 1407 ut
1871 1376 1987 1408 tutius
2005 1375 2053 1408 ab
2071 1388 2197 1410 errore
2217 1376 2420 1417 abstineas,

337 1459 483 1481 omnem
503 1444 823 1490 comparationem
847 1440 1026 1486 effizgiaS,
1055 1441 1262 1485 quidquam
1283 1441 1375 1472 certi
1396 1440 1457 1473 vel
1473 1440 1619 1473 stabilis
1637 1452 1804 1484 unquam
1825 1440 2005 1473 invenies.

440 1513 493 1545 Et
505 1512 680 1556 quoniam
694 1510 788 1543 adeo
805 1507 956 1542 dubium
955 1507 1046 1551 jam
1059 1508 1136 1540 orsi
1148 1519 1276 1541 sumus
1289 1508 1380 1547 iter,
1399 1508 1497 1540 illud
1502 1519 1574 1552 pro
1585 1513 1751 1551 tempore
1765 1506 1945 1549 conficere
1957 1513 2070 1552 atque
2082 1504 2169 1540 huic
2181 1508 2286 1552 operi
2298 1514 2423 1541 nostro

332 1580 453 1623 finem
486 1590 559 1611 non
577 1577 708 1610 melius
730 1581 896 1608 statuere
911 1585 1023 1618 posse
1042 1573 1294 1614 arbitramur,
1323 1586 1437 1619 quam
1459 1580 1499 1606 ut
1520 1574 1706 1618 specimen
1729 1574 1919 1617 quoddam
1939 1575 2233 1618 comparationis
2245 1573 2423 1617 fabricae

338 1646 538 1679 testudinis
568 1656 650 1677 cum
677 1643 908 1687 reliquorum
938 1641 1190 1674 animantium
1220 1640 1519 1674 vertebratorum
1541 1641 1610 1673 illa
1633 1638 1914 1684 subjungamus.
1972 1640 2084 1682 Quod
2102 1641 2142 1673 in
2165 1641 2246 1685 ipso
2267 1642 2424 1674 cranio

338 1711 443 1747 nobis
470 1711 693 1744 tentandum
722 1706 939 1747 videbatur,
974 1707 1114 1739 scilicet
1140 1712 1253 1751 parte
1279 1719 1375 1752 prae
1408 1707 1543 1740 ceteris
1571 1706 1822 1748 memorabili,
1858 1706 2077 1750 difficilioris
2100 1708 2423 1751 interpretationis

338 1786 469 1824 atque,
493 1789 566 1822 pro
588 1777 774 1820 dignitate
797 1786 886 1814 sua,
912 1774 1178 1810 recentissimis
1201 1773 1429 1818 temporibus
1449 1779 1597 1806 tantum
1616 1774 1715 1823 inter
1734 1773 1902 1806 eruditos
1912 1774 2114 1814 ventilata,
2141 1779 2183 1806 at
2193 1774 2226 1806 si
2235 1775 2356 1807 minus
2367 1786 2426 1807 ex-

338 1845 470 1890 pedita
493 1843 600 1886 liaud
611 1853 774 1886 prorsus
793 1840 935 1873 inculta
953 1845 1080 1872 tamen
1099 1839 1171 1872 hac
1195 1840 1256 1872 via
1278 1841 1507 1880 incedentes,
1534 1839 1697 1872 aliorum
1714 1845 2000 1883 nostrorumque
2015 1839 2161 1883 passim
2180 1843 2350 1873 errorum
2369 1839 2426 1873 be-

340 1911 469 1954 neficio
492 1909 624 1942 melius
648 1907 789 1946 edocti,
818 1918 843 1939 a
865 1905 1024 1938 veritate
1043 1906 1175 1949 paullo
1192 1906 1354 1950 propius
1375 1906 1555 1939 aberrare
1575 1917 1689 1950 posse
1709 1917 1912 1950 speremus.

449 1976 518 2010 Cui
549 1976 666 2020 igitur
696 1973 949 2006 instituendae
970 1973 1246 2016 comparationi
1268 1986 1287 2005 e
1306 1978 1469 2017 quatuor
1487 1972 1563 2004 illis
1585 1971 1884 2005 vertebratorum
1906 1971 2130 2005 animalium
2152 1971 2332 2006 classibus
2351 1973 2426 2006 sin-

337 2045 431 2089 gula
451 2043 632 2087 elegimus
650 2040 842 2084 exempla:
870 2051 890 2070 e
905 2037 1117 2082 piscibus
1141 2039 1318 2071 nimirum
1343 2038 1540 2082 cyprinum,
1563 2037 1732 2070 bramam
1746 2051 1760 2079 ,-
1787 2051 1806 2070 e
1827 2039 2065 2082 reptilium
2091 2040 2239 2079 ordine,
2260 2040 2422 2072 'testudi-

340 2122 423 2144 nem
454 2119 639 2141 cavanam
650 2119 664 2149 ,-
701 2107 800 2138 inter
826 2116 956 2144 ave-3,
986 2104 1135 2147 gallum
1162 2092 1403 2137 domesticum
1415 2118 1429 2147 ,·
1456 2117 1475 2137 e
1494 2117 1530 2137 m
1540 2117 1563 2136 a
1572 2116 1651 2137 mm
1662 2104 1726 2136 ali
1734 2103 1812 2136 bus
1835 2105 1983 2137 demum
2004 2103 2108 2137 bovis
2130 2105 2191 2140 uri
2213 2104 2425 2146 embryonis

341 2182 465 2220 caput.
523 2173 635 2215 Quod
661 2173 833 2205 ultimum
859 2170 1027 2203 novitate
1057 2182 1127 2203 sua
1155 2171 1210 2203 ita
1244 2170 1535 2204 commendabile
1565 2171 1684 2204 visum
1711 2176 1784 2210 est,
1821 2176 1861 2203 ut
1881 2171 1964 2214 ejus
1984 2182 2100 2206 causa
2122 2171 2161 2203 in
2180 2171 2427 2215 gratiameo-

341 2255 444 2281 rum,
483 2241 547 2285 qui
578 2240 678 2272 omni
709 2239 780 2271 tali
815 2237 945 2269 orani
953 2236 1076 2279 ologi
1083 2248 1133 2268 ae
1157 2237 1450 2280 minusfacent,
1481 2237 1542 2269 vel
1561 2249 1717 2281 quorum
1735 2237 1893 2282 placitis
1913 2236 2007 2271 haec
2026 2243 2158 2270 nostra
2177 2238 2344 2282 cogitata
2365 2251 2424 2284 ref-

338 2309 568 2352 fivgantur,
597 2318 655 2339 me
674 2305 883 2338 rediturum
905 2314 984 2334 esse
1006 2301 1239 2344 considerem.

1078 2437 1413 2507 Cyprinus
1462 2436 1699 2487 brama-

1114 2589 1457 2621 FIGURA
1535 2573 1644 2639 189.

449 2708 546 2741 Ossa
584 2706 704 2739 cranii
744 2703 889 2748 cyprini
923 2702 1076 2736 brumae
1110 2716 1135 2737 a
1164 2704 1307 2745 latere,-
1352 2704 1506 2736 remotis
1539 2703 1707 2736 omnibus
1737 2704 1841 2745 aliis,
1878 2704 1979 2738 lzisce
2006 2711 2225 2740 suturarum
2256 2718 2324 2751 ope
2353 2717 2427 2738 non

347 2775 571 2810 coe‘untibus.

345 2857 380 2877 a.
408 2842 522 2876 Basis
544 2838 729 2883 occipitis,
757 2836 826 2871 sive
848 2835 980 2883 primae
1002 2834 1110 2869 cranii
1133 2835 1311 2870 vertebrae
1332 2834 1546 2883 (acusticae)
1567 2847 1702 2882 corpus.

348 2909 421 2953 lib.
448 2907 572 2941 Arcus
593 2905 779 2949 occipitis,
808 2912 840 2937 et

349 2989 376 3009 c.
409 2975 536 3008 Crista
556 2971 745 3016 occipitis,·
773 2968 886 3003 eidem
905 2968 1083 3003 vertebrae
1107 2968 1330 3016 pertinentes.

350 3044 384 3076 d.
413 3043 628 3079 Petrosum,
657 3035 726 3069 sive
745 3034 1036 3083 labyrinthicum3
1064 3034 1237 3081 siquidem
1255 3034 1429 3069 canalium
1453 3034 1763 3069 semicircularium
1785 3035 1876 3083 parti
1897 3034 2122 3083 excipiendae
2142 3044 2297 3082 aptatum
2317 3045 2375 3069 est.

351 3121 380 3150 q.
409 3105 700 3151 Jnterparietale
719 3102 792 3136 dixi
812 3101 880 3136 hoc
902 3114 957 3145 os,
983 3100 1079 3148 quod
1098 3102 1172 3136 aliis
1200 3102 1438 3150 (Rosentlzal,
1467 3099 1698 3148 ichthyotom.
1726 3101 1863 3137 Tafeln.
1888 3103 1992 3136 1812.
2021 3103 2130 3147 Spix,
2158 3101 2425 3148 cephalogenes.

406 3174 509 3206 1815.
559 3172 713 3210 caeter,
742 3180 847 3214 regne
868 3168 1005 3202 animal.
1039 3169 1141 3212 1817.
1193 3169 1332 3209 Carus,
1360 3165 1500 3201 Handb.
1540 3166 1572 3200 d.
1602 3167 1765 3202 Zootom.
1798 3169 1900 3201 1818.
1946 3170 2065 3209 Oken,
2094 3167 2424 3215 Beinphilosophie‚

400 3238 463 3272 Isis
486 3238 601 3284 1819.)
630 3233 800 3284 parietalis
822 3234 964 3268 nomine
988 3234 1102 3278 venit3
1129 3234 1273 3280 ejusque
1293 3233 1435 3280 vestigia
1456 3231 1537 3267 inde
1561 3246 1579 3267 a
1598 3233 1748 3281 piscibus
1771 3232 1815 3267 ad
1833 3233 2032 3267 mammalia
2053 3247 2177 3281 usque,
2204 3233 2331 3281 quibus
2350 3233 2427 3282 plu-

400 3304 530 3338 rimum
556 3303 702 3344 eminet,
731 3298 818 3334 mihi
837 3299 957 3335 videor
975 3298 1260 3334 animadvertere.
1296 3299 1350 3334 De
1369 3312 1437 3347 qua
1457 3312 1494 3334 re
1512 3299 1620 3334 fusius
1638 3300 1871 3348 disputabitur
1892 3300 1926 3335 in
1945 3299 2037 3335 Iside
2061 3301 2162 3334 1821.
2184 3299 2264 3334 Vol.
2275 3299 2320 3334 II.

351 3372 386 3405 h.
413 3371 679 3404 Mastoicleam.

356 3439 386 3470 5.
413 3434 675 3477 Accessorium,
703 3431 932 3467 mastoideum
952 3432 1044 3466 inter
1067 3442 1099 3467 et
1119 3445 1237 3466 arcum
1261 3431 1418 3479 occipitis
1442 3432 1584 3467 veniens
1605 3432 1815 3478 ossiculum-7
1843 3433 1996 3481 apertius
2015 3447 2033 3467 a
2050 3442 2159 3482 tergo.
2187 3434 2242 3482 (cf.
2260 3434 2319 3480 fig,
2336 3431 2429 3478 190.)

404 3501 445 3535 In
472 3501 694 3549 superiorum
725 3498 925 3533 animalium
945 3499 1032 3533 serie
1057 3512 1127 3533 non
1146 3498 1268 3533 visum.
1320 3498 1379 3532 An
1395 3507 1527 3543 costae,
1554 3499 1732 3534 vertebrae
1757 3499 1866 3534 cranii
1887 3498 2026 3534 cuidam
2049 3513 2238 3548 appensae,
2265 3499 2428 3546 imperfe-

403 3568 491 3602 ctius
511 3565 657 3613 aliquod
680 3564 947 3599 rudimentum?

356 3649 389 3670 u.
423 3634 705 3680 Tympanicum.
759 3629 883 3676 Quod,
919 3631 961 3667 ab
983 3631 1113 3666 ossium
1135 3641 1335 3679 temporum
1357 3641 1526 3679 apparatu
1549 3631 1769 3678 distractum,
1796 3632 1869 3668 alae
1891 3631 2015 3679 majori
2035 3633 2119 3668 ossis
2139 3630 2344 3680 sphenoidei
2362 3631 2433 3678 pri-

1979 3693 2025 3717 44
