2693 4077
335 369 357 383 ,-

310 368 386 411 106
723 388 725 391 -
777 377 1157 405 ›ExrchTm
1189 376 1457 405 TAB.XXV1.
1499 378 1596 404 FIG.
1625 362 1860 419 159.1-59A·
1893 392 1894 395 η

304 478 342 511 F
351 485 404 509 IG
420 484 521 509 ΗΒΑ
553 474 632 519 139.
684 470 799 504 Balbi
820 471 917 504 oculi
936 471 1081 504 sinistri
1099 471 1297 504 dimidiam
1314 472 1499 504 dextram.
1553 471 1724 504 Sectione
1751 472 1922 505 verticali
1943 472 2074 514 facta,
2101 479 2243 511 remoto
2276 476 2384 509 climi-

351 544 412 577 clio
431 543 581 575 sinistro
594 565 604 580 ,
635 539 693 571 cai
715 549 853 570 nervas
878 539 1022 583 opticus
1039 537 1272 571 cohaerebat.

406 605 674 652 Coujunctivam
698 603 846 637 indicari
869 605 1085 651 superfluum
1114 602 1208 637 duxi.
1261 602 1312 636 Ita
1332 602 1436 637 etiam
1463 617 1482 637 a
1507 604 1731 638 membranae
1754 601 1929 652 hyaloidis
1957 613 1990 638 et
2008 604 2167 652 capsulae
2187 604 2289 639 lentis
2309 619 2383 654 cry-

353 675 509 710 stallinae
533 669 761 719 exprimenda
781 669 893 717 effigie
917 669 1160 709 abstinendum
1183 669 1287 704 fuisse
1308 668 1502 704 videbatur.
1556 670 1791 711 Quantumvis
1813 671 1904 705 enim
1928 669 2014 705 haec
2032 671 2263 705 subtilissimis
2284 672 2383 707 lineis

352 740 538 788 depingas,
567 737 672 773 nimia
697 746 813 771 tamen
836 750 976 784 semper
995 736 1149 771 >crassitie
1170 736 1391 783 reliquarum
1414 749 1533 771 rerum
1558 737 1823 784 proportionem
1850 738 2043 785 plurimum
2067 737 2245 772 excedent.

411 806 575 840 Ceterum
603 817 645 839 ne
669 817 774 838 omne
794 802 921 837 harum
951 804 1235 837 membranarum
1259 803 1441 850 vestigium
1469 804 1570 851 plane
1590 804 1743 847 abesset,
1771 813 1928 838 mutuam
1952 818 2019 843 eas*
2037 805 2126 839 inter
2159 814 2191 840 et
2219 805 2383 840 finitimas

302 910 304 913 ,
345 883 462 922 partes
480 872 672 915 rationem,
699 870 831 917 adjecta
854 883 936 905 mox
965 870 1002 904 in
1027 870 1153 905 lineari
1177 869 1313 905 Tabula
1333 884 1432 905 nova
1451 871 1583 917 figura,
1620 871 1761 918 (¹59A')
1786 881 1960 917 quantum
1980 870 2150 907 idoneum
2179 872 2291 906 visum
2322 881 2382 917 est,

347 939 465 975 studui
486 937 675 973 declarare.

294 1021 378 1055 g.g.
406 1009 503 1048 Iris,
531 1005 610 1040 vide
635 1017 717 1039 mox
735 1004 826 1039 infra
844 1017 1022 1051 pgvgp.

296 1078 320 1111 i.
331 1078 353 1110 l.
367 1089 412 1110 m.
427 1087 509 1109 mm
531 1074 589 1106 Li.
618 1070 802 1105 Dimidiati
827 1071 926 1106 bulbi
955 1081 1131 1107 extremus
1159 1070 1276 1116 orbis,
1302 1084 1427 1106 cornea
1449 1071 1651 1106 membrana
1672 1080 1704 1106 et
1725 1070 1908 1106 sclerotica
1930 1071 2306 1108 circumscribentibus.

296 1144 388 1177 l.i.l.
422 1142 568 1175 Cornea
595 1148 825 1186 transparens.
1496 1126 1501 1128 i

399 1209 423 1243 i.
452 1206 522 1240 Ubi
549 1218 706 1240 camerae
734 1204 900 1238 anteriori
930 1214 1119 1251 praetensa.

399 1275 458 1308 l.l.
487 1272 559 1307 Ubi
581 1270 800 1306 scleroticam
828 1271 975 1318 attingit.

295 1344 375 1377 Lm.
388 1354 421 1375 η.
436 1354 483 1374 m.
493 1341 515 1374 l.
543 1340 774 1382 Sclerotica,·
800 1337 960 1372 modicae
985 1338 1169 1384 crassitiei;
1197 1347 1390 1373 retrorsum
1415 1348 1530 1374 tamen
1551 1340 1714 1384 crassior,
1741 1340 1914 1375 anteriora
1931 1352 2050 1375 versus
2068 1340 2188 1388 paullo
2200 1347 2381 1375 attenuata.

347 1407 513 1442 Ceterum
532 1405 751 1441 firmissimae
775 1403 1002 1451 compaginis.

402 1476 483 1509 Lm.
498 1474 579 1507 Lm.
607 1471 680 1506 Ubi
703 1471 871 1520 annulum
894 1483 1030 1510 osseum
1055 1470 1225 1515 includit·⁷
1253 1471 1358 1505 altera
1382 1472 1432 1506 sui
1461 1472 1589 1506 lamina
1614 1483 1831 1516 extrorsum,
1853 1473 2047 1507 introrsum
2072 1473 2177 1507 altera
2198 1484 2302 1518 super
2320 1483 2381 1504 an-

463 1540 587 1574 nulum
613 1546 838 1580 excurrente,
877 1546 1023 1583 utraque
1045 1535 1189 1570 denium
1209 1538 1423 1583 conjunctim
1451 1552 1615 1573 corneam
1640 1539 1842 1586 excipiente.

397 1606 510 1655 Ipsius
536 1605 656 1639 annuli
678 1604 778 1639 scissa
800 1603 947 1637 ossicula
968 1604 1047 1638 bina
1070 1605 1115 1650 (5.
1130 1605 1176 1639 8..
1204 1603 1294 1638 inter
1319 1605 1524 1639 scleroticae
1546 1605 1657 1639 dictas
1679 1606 1825 1639 laminas
1848 1605 1973 1652 paullo*
1988 1614 2206 1652 comparent.

297 1688 374 1712 n.o.
400 1674 649 1708 Intervallum
678 1670 897 1705 seleroticam
926 1670 1016 1704 inter
1044 1679 1077 1704 et
1104 1669 1356 1715 choroideam3
1386 1671 1567 1718 pigmento
1588 1672 1692 1718 nigro
1721 1681 1754 1713 et
1772 1672 1859 1705 vasis
1878 1671 2038 1706 floceosis
2059 1671 2216 1718 plenum.

408 1739 633 1775 Glanclalosi
658 1744 870 1784 apparatas
895 1738 993 1771 nihil
1017 1749 1171 1784 unquam
1203 1737 1238 1771 in
1269 1747 1386 1771 nostra
1414 1737 1585 1772 testudine
1607 1739 1733 1772 inveni.
1786 1737 1863 1772 Nec
1886 1738 2107 1773 intervallum
2140 1738 2254 1786 ipsum
2290 1736 2379 1771 adeo

344 1819 492 1855 magnae
516 1805 772 1853 proportionis,
803 1817 842 1837 ac
860 1817 878 1838 e
895 1802 1067 1838 testudine
1094 1801 1204 1854 Myda
1227 1804 1468 1851 expertissimo
1494 1804 1699 1852 depingitur
1727 1806 1776 1839 D.
1789 1807 1854 1840 JV,
1867 1806 2152 1851 S'o'mmeringio.
2204 1804 2254 1839 Ut
2274 1803 2380 1839 mari*

328 1888 406 1909 vnas
425 1871 616 1908 testudines
643 1884 662 1905 a
688 1870 839 1917 piscibus
864 1869 1050 1917 propiores
1076 1879 1166 1903 stare
1189 1869 1292 1904 dicas.

297 1955 375 1990 ap.
388 1955 419 1988 q.
434 1954 464 1975 r.
477 1951 600 1985 q.p.o.
633 1938 849 1971 Clioroiclea
863 1948 878 1978 ,·
915 1936 1081 1983 utrinque
1104 1935 1287 1983 pigmento
1307 1936 1410 1984 nigro
1432 1941 1575 1972 scatens.

399 2020 473 2041 ο.ο.
501 2004 573 2038 Ubi
601 2012 696 2037 retro
717 2003 865 2037 retinam
882 2002 1047 2035 excurrit.

394 2086 482 2121 pp.
512 2070 582 2104 Ubi
603 2070 640 2104 in
661 2082 791 2116 corpus
813 2068 931 2103 ciliare
953 2068 1044 2112 abit,
1077 2067 1274 2115 iridemque
1296 2081 1483 2116 appensam
1508 2068 1625 2105 hahet.

398 2151 520 2186 φης.
549 2136 688 2184 Corpus
718 2136 857 2180 ciliarc,
893 2147 956 2183 per
984 2147 1113 2183 corpus
1142 2135 1292 2170 vitreum
1329 2145 1362 2170 et
1388 2136 1520 2172 lentem
1549 2137 1788 2187 crystallinam
1817 2137 2068 2186 conspicuum,
2094 2139 2192 2184 cujus
2218 2138 2377 2186 capsulae

459 2204 653 2253 plurimum
671 2202 852 2238 incumbit.

399 2288 429 2309 r.
458 2271 530 2306 Ubi
545 2271 734 2305 translucet
753 2282 883 2317 corpus
906 2269 1025 2304 ciliare
1049 2281 1112 2316 per
1125 2268 1265 2304 lentem.

294 2356 332 2390 p.
344 2355 381 2389 g.
395 2352 525 2385 v.g.p.
551 2339 626 2372 Iris
655 2343 692 2372 et
719 2350 824 2371 zwea.

392 2420 460 2455 pp.
490 2404 559 2439 Ubi
582 2403 824 2438 achoroideae
846 2403 1004 2450 margine
1026 2412 1183 2438 extremo
1205 2403 1338 2451 incipit.

399 2488 432 2509 v.
460 2471 533 2506 Ubi
547 2485 607 2519 per
620 2471 750 2505 lentem
771 2470 1003 2519 crystallinam
1021 2470 1208 2505 translucet
1221 2483 1318 2505 uvea
1341 2471 1460 2505 eflavo
1474 2480 1680 2514 canescens,
1699 2470 1882 2518 pigmento
1908 2470 2012 2517 nigro
2024 2479 2202 2517 praeterea
2215 2470 2377 2507 obducta.

400 2553 428 2574 s.
440 2546 463 2573 t.
477 2552 504 2572 s.
516 2551 549 2572 ιι.
563 2551 590 2571 ε.
616 2538 780 2580 Retina5
808 2550 871 2583 per
894 2535 1108 2583 pellucidum
1131 2548 1260 2582 corpus
1289 2536 1438 2570 vitreum
1470 2536 1624 2570 evidens.

402 2619 430 2640 s.
443 2618 476 2638 ιι.
488 2617 515 2638 S.
542 2602 670 2649 Margo
698 2602 852 2636 anterior
876 2601 1027 2644 retinae,
1053 2600 1343 2646 tumidiusculus,
1376 2601 1411 2635 in
1432 2615 1538 2649 quem
1560 2601 1687 2637 desinit
1711 2611 1909 2636 antrorsum
1943 2601 2051 2636 retina
2077 2614 2188 2650 prope
2217 2604 2375 2651 corporis

461 2669 589 2704 ciliaris
611 2668 738 2703 limites
760 2668 982 2715 posteriores.

403 2747 428 2773 t.
455 2736 632 2771 Posterior
656 2748 735 2782 pars
758 2735 908 2779 retinae,
935 2743 1030 2769 retro
1057 2746 1185 2781 corpus
1203 2733 1355 2770 vitreum
1379 2726 1594 2770 choroideae
1617 2733 1760 2770 adnexa.

299 2820 433 2844 w.x.v.
447 2819 476 2840 r.
503 2805 606 2837 Lens
626 2804 865 2847 crystallina,
902 2802 991 2836 intra
1012 2800 1200 2848 capsulam.

402 2886 450 2908 w.
479 2870 558 2905 Pars
583 2868 776 2917 posterior,
803 2868 946 2916 corpori
972 2868 1083 2902 vitreo
1104 2868 1282 2915 impressa.

401 2952 434 2974 x.
462 2936 633 2971 Anterior
655 2948 751 2982 pars,
779 2948 840 2982 per
860 2934 1031 2982 pupulam
1059 2935 1264 2981 spectabilis.

402 3018 439 3040 v:
465 3003 536 3037 Ubi
556 3015 642 3037 uvea
662 3014 723 3049 per
740 3001 870 3035 lentem
890 2999 1102 3047 pellucidam
1123 3000 1347 3049 conspicitur.

403 3085 433 3106 r.
465 3069 533 3103 Ubi
554 3082 614 3117 per
637 3066 783 3103 eandem
806 3080 935 3115 corpus
955 3067 1076 3102 ciliare
1096 3067 1293 3103 innotescit.

290 3153 333 3187 y.
365 3140 527 3173 Camera
546 3137 642 3170 oculi
663 3136 843 3169 anterior.

408 3204 614 3239 Posteriora·
636 3215 793 3237 camerae
815 3201 933 3236 nullus
955 3201 1064 3236 locus.
1118 3200 1216 3236 Uvea
1240 3201 1332 3236 enim
1352 3201 1454 3236 lentis
1473 3202 1633 3250 capsulae
1649 3200 1737 3237 adeo
1760 3204 1981 3252 propinqua,
2008 3203 2117 3238 immo
2137 3202 2292 3252 adposita
2314 3217 2373 3251 est,

354 3281 392 3305 ut
414 3284 489 3305 eam
511 3269 690 3317 pigmento
711 3268 774 3302 sibi
795 3267 1005 3303 adhaerente
1028 3268 1306 3315 frequentissime
1326 3268 1449 3317 tingat.

311 3339 344 3373 5.
357 3339 388 3371 8.
420 3338 592 3371 ossicula
623 3335 704 3369 bina
724 3335 845 3369 annuli
867 3335 974 3378 ossei,
999 3334 1152 3369 sectione
1172 3333 1297 3380 divisa3
1335 3334 1456 3370 eadem
1477 3347 1567 3383 quae
1599 3334 1737 3382 integro
1767 3336 1878 3372 bulbo
1899 3338 1973 3385 (fig.
1989 3337 2079 3385 155.)
2116 3336 2160 3372 ad
2180 3339 2372 3386 marginem

354 3402 571 3449 superiorein
597 3411 630 3436 et
656 3401 859 3435 inferiorem
881 3402 1098 3448 aliquantum
1120 3414 1359 3449 comparuere.

307 3473 373 3508 F1
390 3480 411 3501 G
430 3478 528 3502 URA
561 3469 667 3513 13921-
719 3468 854 3501 Lentis
880 3469 1122 3512 crystallinae
1150 3470 1304 3514 capsula
1332 3475 1368 3502 et
1394 3469 1612 3503 membrana
1636 3469 1838 3513 hyaloidea
1861 3472 1900 3504 in
1920 3471 2053 3512 simili,
2080 3483 2126 3504 ac
2141 3475 2373 3516 praecedens

345 3538 481 3583 figura
506 3534 690 3575 exhibuit,
718 3536 815 3568 oculi
833 3541 1045 3579 segmento,
1073 3536 1206 3568 rudius
1227 3542 1352 3569 tamen
1373 3548 1492 3581 neque
1512 3537 1585 3570 nisi
1611 3537 1859 3580 supplementi
1880 3549 2012 3577 causa,
2041 3549 2237 3582 expressa;
2264 3539 2371 3571 lineis

360 3615 433 3639 non
457 3608 496 3634 at
514 3602 681 3646 ipsarum
703 3601 1005 3635 membranarum
1013 3627 1024 3642 ,
1054 3613 1148 3648 qaas
1165 3602 1354 3644 indicant,
1381 3610 1521 3637 natura
1529 3603 1616 3648 sert
1635 3603 1843 3638 arctissime
1864 3603 1934 3637 sibi
1952 3605 2137 3649 appositis
2148 3629 2159 3645 ,
2187 3606 2271 3644 secl,
2300 3616 2371 3648 quo

360 3670 610 3705 evidentiores
631 3668 727 3708 sint,
748 3667 881 3711 paullo
905 3667 1138 3702 distantibus.
