2693 4077
924 338 1244 368 EXPLICATIO
1283 339 1382 366 FIG.
1419 324 1506 381 198.
1533 339 1618 382 199.
1645 340 1731 366 200.
1759 338 1848 365 201.
2343 345 2418 386 ιι77

1129 452 1468 489 FIGURA
1545 435 1652 503 198.

792 554 898 590 Idem
928 553 1097 587 cranium
1121 553 1239 598 galli,
1277 565 1301 585 a
1321 558 1436 595 tergo.
1469 550 1599 596 (Siglis
1619 552 1723 597 infra
1745 550 1981 599 explanatis.)

1218 670 1340 720 Bos
1381 689 1549 720 urus.

1129 807 1464 838 FIGURA
1545 808 1654 857 199·

458 914 582 958 Caput
614 922 760 945 osseum
791 908 896 942 bovis
926 908 987 940 uri
1011 905 1245 950 embtyonis‚
1274 905 1424 938 circiter
1452 905 1661 946 semestris,
1689 917 1714 938 a
1732 905 1852 940 latere
1860 919 1874 949 5
1900 907 2056 941 maxilla
2079 907 2281 951 inferiore,
2319 914 2426 954 utpo-

401 987 436 1014 te
468 982 521 1013 acl
540 984 708 1012 nostrum
733 977 969 1021 propos-itum
1003 975 1125 1006 minas
1158 972 1392 1011 necessaria,
1419 973 1598 1017 neglecta.

345 1060 384 1094 g.
412 1047 686 1092 Squamosum,
714 1040 755 1075 ad
786 1040 953 1075 calvariae
979 1051 1103 1072 cavum
1131 1035 1385 1074 includendum
1415 1038 1471 1071 vix
1502 1038 1719 1085 aliquantum
1752 1038 1900 1082 faciens,
1933 1038 2026 1073 intus
2055 1037 2285 1075 descendente
2314 1041 2426 1088 parie-

400 1111 481 1155 tali,
509 1112 571 1158 (m)
599 1109 654 1144 cui
675 1109 762 1142 latae
789 1116 927 1140 suturae
959 1112 1163 1152 squauio'sae
1181 1117 1261 1151 ‘ope
1290 1104 1517 1150 conjungitur
1541 1103 1606 1148 ita,
1633 1114 1670 1138 ut
1693 1105 1852 1139 stabilem
1874 1108 1960 1150 jam,
1987 1118 2068 1150 nec,
2096 1105 2191 1140 velut
2217 1105 2253 1140 in
2276 1107 2427 1153 piscibus

401 1189 434 1213 et
456 1179 594 1220 avibus,
621 1174 789 1210 mobilem
815 1173 941 1207 habeat
960 1171 1089 1207 sedem.
1142 1171 1258 1212 Quam
1281 1183 1322 1204 ex
1347 1170 1463 1204 avium
1488 1171 1594 1205 classe
1618 1170 1662 1205 ad
1683 1171 1924 1217 maminalium
1952 1173 2092 1206 ‘summa
2117 1185 2247 1219 genera
2275 1173 2428 1220 aliquem

399 1245 582 1279 trgfflsimm
617 1250 792 1289 parantem
824 1248 1053 1280 structuram,
1081 1237 1115 1271 in
1148 1248 1211 1271 ove
1234 1236 1424 1283 plurimum
1448 1237 1680 1282 eminentem,
1705 1237 1774 1272 alio
1799 1237 1880 1272 loco
1899 1250 2057 1273 seorsum
2078 1239 2342 1286 interpretatus,
2369 1240 2425 1287 (cf.

398 1310 470 1345 Isis.
502 1307 676 1353 1821.II.)
704 1306 761 1340 hic
779 1306 887 1340 verbo
905 1302 1135 1338 solummodo
1154 1302 1458 1349 perstringendam
1480 1303 1609 1351 putavi.

349 1377 410 1411 hcl.
437 1361 711 1415 Mastoi'deam,
751 1378 906 1418 petroso
941 1362 1034 1404 iuius
1062 1369 1256 1417 penetranti
1282 1369 1486 1412 confusum,
1525 1381 1726 1416 processum
1742 1368 1971 1418 styloideum‚
1999 1370 2166 1418 exiguum
2186 1385 2295 1414 nunc,
2316 1373 2426 1409 serius

402 1443 523 1491 paullo
545 1441 655 1488 magis
677 1437 910 1474 evolvendum
924 1463 933 1481 ,
960 1436 1079 1483 egerit.
1117 1434 1188 1476 Qui
1209 1435 1303 1471 enim
1329 1435 1393 1469 sub
1416 1433 1484 1468 hoc
1504 1446 1579 1469 osse
1598 1433 1776 1470 descendit
1795 1435 1963 1482 grandior
1985 1449 2187 1484 processus,
2214 1439 2427 1473 veterinariis

401 1509 527 1558 passim
549 1506 748 1542 auctoribus
769 1505 964 1552 incongrue
984 1501 1174 1551 styloideus
1194 1501 1325 1545 dictus,
1352 1501 1508 1548 occipitis
1528 1510 1592 1546 est,
1619 1504 1762 1549 ejusque
1783 1501 1901 1549 spinae
1921 1502 2069 1550 jugulari
2083 1503 2373 1551 aequiparandus.

340 1579 415 1623 ff.
444 1578 646 1611 Processu-s·
669 1573 937 1618 pterygoicleus
961 1568 1194 1617 sphenoidei,
1222 1568 1355 1616 duplici
1378 1568 1458 1602 loco
1477 1580 1704 1616 comparens,
1730 1581 1836 1615 supra
1858 1577 1892 1602 et
1912 1568 2000 1603 infra
2023 1571 2155 1617 jugum.
2205 1569 2284 1607 Illic
2304 1571 2338 1606 in
2355 1570 2431 1607 leve

402 1640 580 1690 quoddam
610 1640 683 1674 alae
712 1638 854 1683 majoris
881 1635 1140 1679 rudimentum,
1177 1636 1242 1670 ossi
1277 1635 1430 1683 pariet-‘ili
1463 1635 1696 1677 substratum,
1722 1648 1913 1682 assurgens.

348 1724 420 1746 yar,
449 1708 761 1752 Pterygoideum;
787 1701 968 1752 (omoideo
990 1701 1106 1736 avium
1130 1700 1370 1749 respondens.)
1398 1701 1536 1749 Supra,
1562 1701 1650 1736 alam
1674 1701 1848 1738 minorem
1869 1700 1960 1737 iuter
1989 1711 2024 1736 et
2049 1714 2087 1737 os
2114 1702 2306 1750 palatinum
2327 1713 2430 1751 atque

402 1787 605 1824 processum
634 1768 906 1820 pterygoideum
935 1767 1122 1816 adparens,
1147 1768 1238 1805 infra
1256 1763 1303 1803 in
1336 1767 1521 1805 hamulum
1547 1767 1725 1813 desinens,
1763 1769 1806 1803 ab
1827 1768 1968 1806 interno
1999 1768 2085 1805 ossis
2117 1769 2263 1817 palatini
2294 1779 2327 1806 et
2346 1783 2431 1817 pro-

404 1854 516 1876 cessus
539 1837 758 1887 pterygoidei
781 1837 888 1871 latere
914 1835 1136 1882 promissum.

355 1923 388 1944 η.
400 1922 433 1944 η.
462 1907 632 1943 Palatini
649 1903 733 1939 ossis
754 1902 944 1952 particulae
964 1901 1000 1935 in
1034 1901 1146 1935 orbita
1170 1910 1202 1935 et
1226 1900 1260 1935 in
1285 1901 1437 1937 faucium
1458 1901 1612 1950 regione.

352 1975 378 2011 l.
405 1977 481 2011 Ala
501 1976 622 2010 minor
640 1968 868 2019 sphenoidei3
896 1967 1068 2003 foramine
1088 1968 1204 2015 optico
1229 1968 1286 2015 (ζ.)
1315 1978 1496 2004 exstructa.
1548 1969 1762 2004 Anti-orsum
1785 1966 1977 2005 ethmoidei
2006 1967 2154 2004 laminae
2189 1968 2347 2012 orbitali‚
2374 1970 2430 2016 (s)

403 2055 490 2089 quae
513 2039 606 2073 nuda
630 2038 664 2072 in
689 2037 860 2085 piscibus,
889 2034 1070 2082 reptilibus
1105 2044 1138 2069 et
1169 2035 1288 2070 avibus
1318 2046 1512 2070 extrorsum
1546 2046 1726 2083 comparet
1758 2044 1860 2082 atque
1888 2033 2131 2070 ethmoideum
2160 2035 2301 2072 laterale
2327 2036 2428 2071 nobis

402 2122 507 2156 supra
536 2106 626 2140 dieta
650 2114 718 2148 est,
746 2103 925 2137 confluens
960 2099 1118 2148 adeoque
1149 2110 1266 2136 tenera
1294 2093 1402 2137 aetate
1436 2105 1504 2148 jam
1534 2103 1688 2136 confusa.

352 2175 446 2210 LL.
474 2173 723 2216 Lzzcrymak,
752 2169 923 2211 multum,
950 2167 1043 2202 utin
1068 2167 1325 2204 ruminantibus
1347 2170 1458 2213 solet,
1494 2169 1643 2204 orbitam
1668 2181 1784 2204 versus
1811 2167 2036 2216 productum.

354 2262 388 2290 μ.
407 2241 523 2275 Locus
545 2240 581 2273 in
602 2250 676 2272 osse
702 2236 827 2274 frontis
855 2247 927 2282 quo
951 2246 1064 2269 cornu
1087 2234 1298 2270 nasciturum
1321 2245 1381 2272 est,

1134 2354 1469 2387 FIGURA
1543 2356 1655 2389 200.

458 2443 564 2477 Idem
595 2442 655 2475 uri
687 2444 820 2484 caput,
858 2436 906 2471 ab
936 2437 1124 2480 inferiore.

355 2510 421 2555 af
454 2510 600 2553 Corpus
627 2505 865 2552 sphenoidei,
903 2502 1120 2550 processibus
1140 2501 1375 2551 pterygoideis
1396 2503 1482 2551 (alae
1499 2503 1641 2550 majoris
1652 2502 1770 2550 aliquo
1784 2501 1984 2538 rudimento
2005 2503 2198 2555 exstructis)
2220 2503 2418 2538 confusum.

354 2591 388 2612 a·
421 2562 729 2620 Τγηψαηιόιῑιγη,χ
743 2585 760 2604 a
781 2579 942 2618 petroso,
970 2567 1025 2602 cui
1047 2581 1259 2616 appensum,
1287 2567 1501 2604 distinctum.

352 2644 391 2691 †.
419 2642 499 2676 Seia
526 2641 627 2674 tubae
652 2638 803 2672 immissa
831 2649 848 2670 e
873 2644 986 2669 meatu
1018 2633 1196 2669 auditorio
1227 2645 1371 2670 externo
1392 2635 1535 2681 educt33
1563 2634 1606 2670 ad
1631 2636 1746 2670 avium
1772 2645 1885 2683 partes
1906 2635 2070 2683 analogas
2093 2634 2325 2670 illustrandas.

357 2716 386 2746 δ.
411 2707 580 2741 Forameu
608 2704 727 2745 ovale,
764 2703 797 2736 in
829 2702 904 2749 ipso
939 2701 1011 2734 alae
1044 2701 1205 2747 majoris,
1243 2715 1261 2736 e
1285 2715 1449 2749 processu
1476 2701 1708 2750 pterygoideo
1738 2700 1927 2746 oriundae,
1960 2701 2181 2748 rudimento,
2209 2714 2306 2736 ramo
2333 2702 2430 2736 nervi

406 2771 584 2820 trigemini
606 2767 868 2804 inframaxillari
892 2767 1064 2815 pervium.

355 2859 383 2880 χ,
404 2840 578 2874 For-amen
605 2834 878 2884 supi-aorbitale‚
905 2846 1043 2868 merum
1065 2845 1253 2879 venosum,
1291 2834 1431 2869 orbitali
1451 2833 1539 2869 facie
1564 2834 1650 2869 ossis
1680 2834 1806 2870 frontis
1826 2832 1887 2868 hic
1907 2832 2088 2882 adparens.
2141 2833 2241 2869 Idem
2273 2848 2291 2869 a
2311 2835 2426 2870 fronte

407 2905 485 2940 vide
513 2906 571 2951 fig.
591 2916 707 2949 199·³<-

358 2981 387 3011 λ,
411 2972 585 3007 Foramen
609 2966 823 3016 temporale,
848 2965 970 3002 itidem
989 2979 1177 3012 venosum,
1203 2968 1347 3003 sinubus
1368 2967 1500 3002 cerebri
1522 2977 1650 3016 patens.

1144 3088 1456 3131 FIGURA
1529 3090 1641 3120 201.

470 3175 648 3207 Granium
687 3172 804 3211 idem,
847 3184 872 3204 a
904 3179 1019 3217 tet-go,

360 3254 390 3283 a.
417 3239 707 3286 Itzterparietale
736 3235 883 3283 duplex,
911 3236 1067 3284 grande,
1093 3234 1389 3283 subquadratum3
1416 3234 1458 3269 ab
1482 3233 1639 3282 occipitis
1661 3235 1762 3270 crista
1793 3247 1832 3269 os
1860 3234 1985 3269 frontis
2014 3247 2122 3281 usque
2144 3246 2334 3281 assurgens.
2387 3233 2429 3268 In

412 3307 509 3340 bovis
532 3303 714 3339 domestici
734 3303 924 3350 embryone
946 3302 1101 3351 ejusdem
1126 3301 1438 3349 aetatis'simplex,
1464 3301 1765 3349 subtriangulum,
1792 3313 1830 3336 os
1851 3301 1976 3336 frontis
2010 3299 2104 3335 haud
2130 3313 2305 3348 quaquam
2327 3301 2428 3334 attin-

413 3385 516 3420 gens,
542 3369 744 3419 interposita
773 3368 924 3415 quadam
955 3369 1128 3417 parictalis
1158 3381 1291 3401 summa
1321 3365 1564 3414 productione.

466 3437 515 3471 Ut
537 3438 572 3471 in
593 3437 674 3484 ipsis
699 3435 785 3469 adeo
816 3433 908 3469 hisce
933 3435 1183 3470 formationum
1204 3433 1310 3467 initiis
1332 3436 1400 3479 jam
1420 3433 1602 3481 utriusque
1622 3433 1778 3467 animalis
1802 3434 1917 3482 stirpis
1946 3432 2178 3468 diversitatem
2199 3445 2274 3467 eam
2306 3444 2431 3479 agnos-

414 3518 488 3549 caS,
520 3517 624 3550 quam
647 3503 682 3536 in
703 3500 847 3543 adultis,
874 3501 1013 3536 aliunde
1046 3500 1199 3548 repetitis
1226 3499 1458 3547 argumentiS,
1484 3513 1565 3534 cum
1582 3500 1631 3534 ill.
1659 3501 1795 3534 Cuvier
1823 3500 1882 3534 alii
1911 3500 2006 3535 docti
2037 3499 2102 3535 viri
2131 3500 2332 3547 probavere.

364 3587 386 3606 z.
414 3571 631 3607 Fonticulus
655 3566 869 3614 triangulus„
896 3567 954 3615 qui
983 3568 1092 3602 vitulo
1122 3565 1314 3600 domestico
1345 3564 1596 3602 rhomboideus
1623 3578 1693 3601 esse
1715 3566 1903 3602 consuevit.

467 3636 628 3685 (Reliqua
652 3633 747 3682 siglis
772 3633 865 3667 hisee
884 3633 1022 3680 adjectis
1045 3629 1286 3682 explicantur.)
2018 3682 2038 3702 *

1960 3684 2005 3716 45
