2693 4077
259 438 315 497 96
754 438 1094 470 EXPLmA‘rro
1124 437 1241 467 TAB.
1263 438 1485 468 xxr.xxr1.
1524 440 1625 467 mo.
1653 428 1841 470 102.1o5.

262 547 304 581 5'.
319 543 364 578 6‘.
395 539 539 577 Radices
560 534 767 585 superiores.

263 614 310 647 5”.
327 612 374 645 θ’.
388 612 433 644 5”.
447 609 494 642 6“.
523 604 670 640 Radices
689 601 883 637 eorundem
912 600 1097 636 inferiores
1121 599 1242 648 paullo
1265 600 1377 649 magis
1400 599 1616 636 divaricatae.

261 690 423 714 x.x.x.x.
455 674 547 707 Dura
575 680 682 704 mater
704 669 840 703 reflexa.

265 759 298 795 y,
311 759 342 793 y,
355 758 385 792 y.
398 756 429 791 y.
456 739 703 785 Ligmnemmn
725 735 996 780 denticulatum‚
1022 733 1113 770 inter
1134 733 1263 769 radices
1283 734 1481 783 superiores
1492 744 1525 770 et
1544 734 1726 770 inferiores
1744 748 1935 772 nervorum
1955 736 2188 785 productum,
2214 741 2339 788 passim

316 810 424 846 durae
446 804 551 842 matri
574 804 726 839 affixum.

1043 954 1380 989 F1GURA
1458 938 1565 989 103.

372 1080 583 1115 Nervorum
610 1086 873 1122 coccygeorum
903 1087 923 1108 e
944 1073 1109 1108 medulla
1136 1073 1381 1107 oriundorum
1411 1072 1534 1114 ratio,
1560 1071 1599 1105 in
1622 1077 1740 1117 parte
1761 1074 1947 1108 medullae
1970 1075 2129 1120 spinalis
2150 1089 2343 1123 coccygea,

269 1147 529 1194 magnitudine
556 1149 690 1183 aucta,
720 1141 925 1175 declarata.

271 1218 326 1249 28.
353 1213 493 1249 Nervus
519 1219 713 1259 coccygeus
739 1207 916 1255 septimus.
951 1206 1008 1253 (cf.
1029 1207 1087 1253 fig.
1101 1205 1171 1252 84.)

336 1538 849 1601 EXPLICATIO
905 1540 1287 1593 TABULAE
1335 1542 1782 1594 VJCESIMAE
1824 1542 2279 1598 SECUNDAE.

672 1675 949 1712 NERVI
1002 1675 1444 1710 UNIVERSI
1494 1676 1944 1711 CORPORIS.

271 1774 350 1839 N
341 1804 598 1833 ERV-ORUM
625 1800 661 1829 et
685 1801 941 1839 VASORUM
968 1797 1175 1836 systemata
1208 1793 1444 1837 depicturus,
1479 1805 1525 1826 ne
1549 1794 1658 1838 justo
1691 1795 1944 1839 scrupulosius
1971 1808 2043 1841 per
2073 1809 2199 1830 omues
2225 1798 2350 1843 singu-

270 1871 397 1904 larum
415 1865 585 1912 partium
607 1861 786 1905 ambages
812 1860 933 1893 eundo
961 1865 1074 1903 atque
1101 1859 1317 1892 minutatim
1345 1866 1476 1892 cuncta
1504 1862 1721 1904 exponendo
1749 1863 1914 1894 studioso
1942 1863 2072 1896 lectori
2096 1866 2261 1898 taedium
2293 1866 2352 1908 uf-

258 1937 428 1982 fel-rem,
456 1932 552 1964 illud
572 1928 812 1974 potissimum
834 1925 1080 1958 adnitendum
1105 1925 1249 1965 censui,
1289 1931 1329 1957 ut
1356 1925 1394 1957 in
1421 1937 1493 1958 uno
1524 1932 1739 1970 conspectu,
1768 1939 1883 1972 eoque
1912 1929 2072 1962 aliorum
2100 1931 2351 1965 animantium

271 2004 420 2037 iconum
440 1994 714 2042 comparationi
742 1991 1061 2037 quamplurimum
1076 1990 1261 2033 favente,
1296 2003 1479 2025 summam
1502 1992 1558 2025 rei
1586 1993 1858 2037 complecterer.
1917 1994 1987 2028 Cui
2014 1997 2166 2030 consilio
2188 2011 2354 2033 accomo-

272 2067 493 2104 datis-simus
514 2061 686 2096 lateralis
704 2060 767 2092 ille
793 2058 940 2103 positus
965 2058 1065 2090 visus
1097 2062 1173 2097 est,
1202 2069 1308 2102 quem
1336 2057 1503 2092 Tabulae
1534 2059 1661 2091 sceleti
1690 2060 1842 2104 quintae
1863 2066 1976 2105 atque
2005 2064 2253 2097 musculorum
2279 2065 2313 2097 T
2313 2079 2354 2098 α-

272 2135 367 2170 bulis
380 2130 527 2167 XVIII
546 2128 649 2162 XIX
672 2133 707 2160 et
734 2125 823 2159 XX.
851 2126 934 2157 ideo
954 2135 1054 2168 prae
1082 2124 1213 2157 ceteris
1246 2125 1453 2169 elegeram,
1492 2131 1533 2158 ut
1558 2127 1723 2159 aliarum
1754 2130 2133 2171 superstruendarum
2162 2141 2353 2164 cormnune

260 2202 378 2247 fieret
409 2199 711 2243 fundamentum.

378 2268 505 2311 Atque
533 2264 682 2309 quidem
702 2262 871 2306 primum
886 2285 895 2301 ,
923 2259 1025 2304 quod
1044 2258 1142 2292 ultro
1163 2271 1244 2292 sese
1268 2256 1465 2304 offerebat,
1494 2263 1598 2300 erat,
1625 2271 1760 2293 nervos
1781 2265 1817 2293 et
1839 2273 1934 2294 vasa
1956 2262 2088 2296 iisdem
2112 2261 2231 2296 tribus
2257 2269 2353 2298 stra·

270 2336 343 2375 tis,
387 2331 520 2379 quibus
547 2331 601 2363 ad
631 2329 815 2363 musculos
842 2329 1153 2362 demonstrandos
1180 2338 1269 2359 usus
1290 2339 1416 2367 eram,
1445 2326 1553 2372 (Tala.
1569 2326 1722 2359 XVIII.
1738 2326 1849 2359 XIX.
1862 2326 1965 2372 XX.)
1993 2335 2146 2374 excepta
2173 2330 2354 2365 exhibere.

271 2402 403 2447 Neque
443 2405 569 2432 tamen
598 2396 880 2441 compendiaria
902 2397 998 2429 satis
1024 2395 1117 2428 lzaec
1147 2395 1210 2427 via
1238 2393 1445 2427 videbatur.
1497 2394 1701 2427 Enimvero
1730 2395 1883 2427 eaedem
1915 2396 2165 2429 musculorum
2204 2396 2355 2431 tabulae

270 2469 325 2502 acl
349 2477 570 2504 neruorum,
614 2463 866 2504 arteriarum,
906 2474 1087 2496 venarum
1125 2461 1284 2506 denique
1314 2466 1547 2505 apparatum
1574 2461 1928 2500 demonstrandum,
1967 2468 2102 2504 quater
2129 2465 2355 2506 repetendae

264 2535 445 2581 fuissent.
497 2532 632 2576 Itaque
659 2542 704 2562 ne
732 2530 889 2572 majoris
917 2535 1088 2574 sumptus
1119 2534 1155 2561 et
1187 2540 1324 2572 operae
1353 2539 1464 2571 quam
1493 2526 1726 2558 necessitatis
1758 2526 1821 2558 vel
1844 2526 2021 2558 utilitatis
2047 2526 2212 2560 lahorem
2241 2531 2355 2563 susci·-

268 2612 420 2648 perem,
449 2598 555 2631 utzico
581 2595 829 2649 musculorum
853 2601 973 2628 strato
995 2595 1224 2627 solummodo
1246 2593 1319 2632 uti,
1347 2598 1461 2637 atque
1488 2591 1651 2625 tribus
1677 2593 1771 2624 adeo
1791 2591 1948 2633 tabulis,
1977 2594 2078 2638 quod
2094 2605 2166 2638 per
2191 2607 2354 2629 novem

281 2665 577 2701 distribuendum
591 2662 753 2706 fuisset,
782 2660 975 2694 absoluere
1005 2673 1145 2694 mecum
1171 2659 1356 2693 constitui.

391 2730 534 2774 Quibus
555 2728 755 2773 efficiendis
792 2728 1001 2761 tertium
1036 2727 1367 2760 musculorum
1403 2726 1539 2759 illud
1568 2728 1805 2767 stratum,
1842 2732 1969 2771 utpote
2006 2729 2107 2772 quod
2136 2729 2357 2764 intertextas

279 2812 398 2835 nouas
424 2802 556 2843 partes
583 2795 834 2830 ostendendas
860 2795 984 2827 minus
1006 2794 1228 2835 occultaret,
1257 2793 1445 2826 destinavi
1454 2803 1468 2832 ;
1495 2793 1550 2826 ita
1572 2799 1697 2826 tamen
1725 2800 1765 2826 ut
1787 2793 1896 2833 alii-9,
1924 2795 1978 2826 ad
1992 2794 2062 2827 lzoc
2083 2802 2248 2830 nostrum
2269 2811 2357 2843 pro-

280 2868 445 2913 positum
479 2864 600 2897 minus
628 2862 869 2901 necessariis,
905 2860 1015 2894 rebus
1037 2861 1210 2901 remotis,
1238 2859 1284 2906 (υ.
1297 2872 1324 2893 c.
1352 2860 1580 2893 arteriarum
1608 2861 1748 2899 ramis,
1777 2871 1872 2892 vena
1905 2862 2153 2904 spermatica‚
2182 2864 2356 2897 oviductu

279 2935 342 2967 vel
367 2929 565 2974 intestinis)
592 2929 678 2961 aliis
702 2940 787 2960 vero
815 2940 834 2959 e
858 2926 1113 2971 superioribus
1140 2926 1279 2959 tabulis
1301 2937 1374 2970 pro
1396 2938 1438 2958 re
1464 2932 1556 2959 nata
1583 2927 1757 2965 retentis,
1786 2925 1879 2971 (osse
1909 2927 2046 2960 scilicet
2073 2928 2250 2971 hyoideo‚
2288 2931 2357 2963 lin-

280 3012 360 3045 gua
384 3004 419 3031 et
441 2996 627 3042 glandula
650 2993 895 3038 suhlinguali,
924 2992 1137 3038 oesophago
1164 3003 1307 3025 summo
1335 2996 1371 3023 et
1397 2991 1571 3033 trachea,
1599 3005 1691 3041 mus‹
1704 2993 1776 3024 ulis
1802 2993 1960 3038 (lenique
1987 2995 2172 3027 nonnullis
2197 2995 2236 3028 in
2260 2997 2357 3032 colli,

283 3065 428 3099 brachii
447 3063 679 3107 semorisque
700 3061 864 3106 regione)
892 3060 967 3092 tale
996 3058 1225 3092 substratum
1247 3057 1445 3102 efficerem,
1474 3060 1576 3103 quod
1600 3064 1635 3091 et
1657 3059 1780 3103 ipsum
1795 3060 1884 3102 jam
1912 3060 2063 3094 aliunde
2090 3065 2275 3105 cognitum
2299 3072 2355 3099 at-

283 3145 354 3178 que
375 3131 615 3176 perspicuum
638 3134 732 3161 esset
760 3133 795 3160 et
813 3137 1013 3160 nervorum
1042 3126 1104 3159 vel
1127 3137 1305 3159 vasorum
1330 3125 1630 3169 acljicienctorum
1645 3125 1855 3170 pleniorem
1882 3127 2049 3171 aliquam
2070 3128 2354 3165 demonstratio-

284 3211 368 3232 nem
397 3210 470 3231 non
496 3202 696 3230 recusaret.

385 3266 472 3298 Jam
500 3276 587 3296 vero
615 3263 714 3296 ltisce
735 3261 996 3305 fundamentis
1022 3270 1221 3292 nervorum
1245 3270 1351 3291 omne
1373 3265 1536 3303 systema
1566 3258 1743 3292 vicesima
1770 3259 1842 3293 hac
1868 3262 2028 3294 secunda
2055 3260 2183 3295 tabula
2210 3276 2357 3309 expres-

284 3345 364 3366 sum
393 3331 589 3371 innititnr‚·
627 3329 732 3373 siglis
757 3334 793 3360 et
820 3329 920 3360 omni
946 3327 1122 3360 ulteriore
1149 3326 1321 3371 partium
1348 3326 1595 3370 explicatione
1621 3327 1675 3359 acl
1687 3326 1859 3370 figuram
1875 3327 1955 3361 104.
2007 3330 2193 3373 sequentis
2232 3331 2355 3364 Tubu,

283 3400 344 3432 lae
355 3397 508 3431 XXIII.
536 3396 742 3441 ablegatiS,
771 3406 885 3439 quam
909 3394 1005 3427 vide.
