<?xml version="1.0" encoding="UTF-8"?>
<!DOCTYPE html PUBLIC "-//W3C//DTD XHTML 1.0 Transitional//EN"
    "http://www.w3.org/TR/xhtml1/DTD/xhtml1-transitional.dtd">
<html xmlns="http://www.w3.org/1999/xhtml" xml:lang="en" lang="en">
 <head>
  <title>
</title>
<meta http-equiv="Content-Type" content="text/html;charset=utf-8" />
  <meta name='ocr-system' content='tesseract 3.04.00' />
  <meta name='ocr-capabilities' content='ocr_page ocr_carea ocr_par ocr_line ocrx_word'/>
</head>
<body>
  <div class='ocr_page' id='page_1' title='image "anatometestudini02boja_0111.png"; bbox 0 0 2693 4077; ppageno 0'>
   <div class='ocr_carea' id='block_1_1' title="bbox 1082 357 2421 412">
    <p class='ocr_par' dir='ltr' id='par_1_1' title="bbox 1082 357 2421 412">
     <span class='ocr_line' id='line_1_1' title="bbox 1082 357 2421 412; baseline 0.004 -19"><span class='ocrx_word' id='word_1_1' title='bbox 1082 364 1421 393; x_wconf 71' lang='lat' dir='ltr'><strong>ExrchTm</strong></span> <span class='ocrx_word' id='word_1_2' title='bbox 1461 364 1679 410; x_wconf 76' lang='lat' dir='ltr'><strong>F1e.191.</strong></span> <span class='ocrx_word' id='word_1_3' title='bbox 2346 357 2421 412; x_wconf 76' lang='lat'><strong>175</strong></span> 
     </span>
    </p>
   </div>
   <div class='ocr_carea' id='block_1_2' title="bbox 1116 478 1640 530">
    <p class='ocr_par' dir='ltr' id='par_1_2' title="bbox 1116 478 1640 530">
     <span class='ocr_line' id='line_1_2' title="bbox 1116 478 1640 530; baseline 0.006 -21"><span class='ocrx_word' id='word_1_4' title='bbox 1116 478 1640 530; x_wconf 78' lang='lat' dir='ltr'><strong>FIGURA191.</strong></span> 
     </span>
    </p>
   </div>
   <div class='ocr_carea' id='block_1_3' title="bbox 338 594 2446 2833">
    <p class='ocr_par' dir='ltr' id='par_1_3' title="bbox 395 594 2427 711">
     <span class='ocr_line' id='line_1_3' title="bbox 453 594 2427 642; baseline -0.001 -9"><span class='ocrx_word' id='word_1_5' title='bbox 453 600 677 633; x_wconf 73' lang='lat' dir='ltr'><em>Universum</em></span> <span class='ocrx_word' id='word_1_6' title='bbox 698 596 844 642; x_wconf 53' lang='lat' dir='ltr'><strong>cyprini</strong></span> <span class='ocrx_word' id='word_1_7' title='bbox 873 594 1027 628; x_wconf 66' lang='lat' dir='ltr'><strong>brumae</strong></span> <span class='ocrx_word' id='word_1_8' title='bbox 1057 600 1171 640; x_wconf 81' lang='lat' dir='ltr'><strong>caput</strong></span> <span class='ocrx_word' id='word_1_9' title='bbox 1199 604 1344 626; x_wconf 75' lang='lat' dir='ltr'><strong>osseum</strong></span> <span class='ocrx_word' id='word_1_10' title='bbox 1371 607 1395 627; x_wconf 89' lang='grc' dir='ltr'><em>α</em></span> <span class='ocrx_word' id='word_1_11' title='bbox 1420 594 1560 636; x_wconf 80' lang='lat' dir='ltr'><strong>latere,</strong></span> <span class='ocrx_word' id='word_1_12' title='bbox 1590 595 1769 640; x_wconf 76' lang='lat' dir='ltr'><strong>appensis</strong></span> <span class='ocrx_word' id='word_1_13' title='bbox 1795 595 1937 629; x_wconf 75' lang='lat' dir='ltr'><strong>ossibus</strong></span> <span class='ocrx_word' id='word_1_14' title='bbox 1959 596 2138 631; x_wconf 74' lang='lat' dir='ltr'><em>maxillae</em></span> <span class='ocrx_word' id='word_1_15' title='bbox 2157 595 2348 642; x_wconf 72' lang='lat' dir='ltr'><strong>inferioris</strong></span> <span class='ocrx_word' id='word_1_16' title='bbox 2371 607 2427 633; x_wconf 73' lang='lat' dir='ltr'><strong>os·</strong></span> 
     </span>
     <span class='ocr_line' id='line_1_4' title="bbox 395 662 959 711; baseline -0.012 -11"><span class='ocrx_word' id='word_1_17' title='bbox 395 667 596 711; x_wconf 78' lang='lat' dir='ltr'><strong>siculisque</strong></span> <span class='ocrx_word' id='word_1_18' title='bbox 616 664 770 698; x_wconf 78' lang='lat' dir='ltr'><strong>auditus</strong></span> <span class='ocrx_word' id='word_1_19' title='bbox 786 662 959 695; x_wconf 80' lang='lat' dir='ltr'><strong>externis.</strong></span> 
     </span>
    </p>

    <p class='ocr_par' dir='ltr' id='par_1_4' title="bbox 349 726 2433 843">
     <span class='ocr_line' id='line_1_5' title="bbox 349 726 2433 777; baseline -0.001 -10"><span class='ocrx_word' id='word_1_20' title='bbox 349 746 384 768; x_wconf 83' lang='lat' dir='ltr'><strong>a.</strong></span> <span class='ocrx_word' id='word_1_21' title='bbox 395 732 426 767; x_wconf 81' lang='lat' dir='ltr'><strong>b.</strong></span> <span class='ocrx_word' id='word_1_22' title='bbox 438 745 466 766; x_wconf 87' lang='lat' dir='ltr'><strong>c.</strong></span> <span class='ocrx_word' id='word_1_23' title='bbox 479 734 512 766; x_wconf 69' lang='lat' dir='ltr'><strong>sl.</strong></span> <span class='ocrx_word' id='word_1_24' title='bbox 525 744 554 773; x_wconf 69' lang='lat' dir='ltr'><strong>a.</strong></span> <span class='ocrx_word' id='word_1_25' title='bbox 568 731 602 764; x_wconf 73' lang='lat' dir='ltr'><strong>h.</strong></span> <span class='ocrx_word' id='word_1_26' title='bbox 619 731 649 763; x_wconf 90' lang='lat'><strong>5.</strong></span> <span class='ocrx_word' id='word_1_27' title='bbox 664 743 692 763; x_wconf 83' lang='lat' dir='ltr'><strong>e.</strong></span> <span class='ocrx_word' id='word_1_28' title='bbox 704 741 789 772; x_wconf 52' lang='lat' dir='ltr'><strong>nze.</strong></span> <span class='ocrx_word' id='word_1_29' title='bbox 802 734 825 761; x_wconf 84' lang='lat' dir='ltr'><strong>t.</strong></span> <span class='ocrx_word' id='word_1_30' title='bbox 839 740 868 761; x_wconf 91' lang='lat'><strong>0.</strong></span> <span class='ocrx_word' id='word_1_31' title='bbox 883 727 949 761; x_wconf 62' lang='lat' dir='ltr'><strong>si.</strong></span> <span class='ocrx_word' id='word_1_32' title='bbox 976 735 1014 760; x_wconf 89' lang='lat' dir='ltr'><strong>ut</strong></span> <span class='ocrx_word' id='word_1_33' title='bbox 1036 726 1071 760; x_wconf 86' lang='lat' dir='ltr'><strong>in</strong></span> <span class='ocrx_word' id='word_1_34' title='bbox 1093 726 1152 773; x_wconf 85' lang='lat' dir='ltr'><strong>fig.</strong></span> <span class='ocrx_word' id='word_1_35' title='bbox 1169 727 1246 771; x_wconf 83' lang='lat'><strong>189.</strong></span> <span class='ocrx_word' id='word_1_36' title='bbox 1274 726 1401 773; x_wconf 85' lang='lat' dir='ltr'><strong>passim</strong></span> <span class='ocrx_word' id='word_1_37' title='bbox 1420 736 1555 772; x_wconf 82' lang='lat' dir='ltr'><strong>tamen,</strong></span> <span class='ocrx_word' id='word_1_38' title='bbox 1583 735 1721 774; x_wconf 77' lang='lat' dir='ltr'><strong>tegente</strong></span> <span class='ocrx_word' id='word_1_39' title='bbox 1741 738 1931 762; x_wconf 82' lang='lat' dir='ltr'><strong>numeroso</strong></span> <span class='ocrx_word' id='word_1_40' title='bbox 1954 726 2023 762; x_wconf 80' lang='lat' dir='ltr'><strong>alio</strong></span> <span class='ocrx_word' id='word_1_41' title='bbox 2041 738 2211 777; x_wconf 80' lang='lat' dir='ltr'><strong>apparatu</strong></span> <span class='ocrx_word' id='word_1_42' title='bbox 2227 738 2343 775; x_wconf 83' lang='lat' dir='ltr'><strong>osseo,</strong></span> <span class='ocrx_word' id='word_1_43' title='bbox 2369 730 2433 765; x_wconf 88' lang='lat' dir='ltr'><strong>mi-</strong></span> 
     </span>
     <span class='ocr_line' id='line_1_6' title="bbox 392 796 679 843; baseline -0.01 -11"><span class='ocrx_word' id='word_1_44' title='bbox 392 811 457 832; x_wconf 90' lang='lat' dir='ltr'><strong>nus</strong></span> <span class='ocrx_word' id='word_1_45' title='bbox 480 796 679 843; x_wconf 83' lang='lat' dir='ltr'><strong>conspicua.</strong></span> 
     </span>
    </p>

    <p class='ocr_par' dir='ltr' id='par_1_5' title="bbox 338 859 2435 1174">
     <span class='ocr_line' id='line_1_7' title="bbox 338 859 2430 912; baseline 0 -14"><span class='ocrx_word' id='word_1_46' title='bbox 338 878 377 912; x_wconf 81' lang='lat' dir='ltr'><strong>g.</strong></span> <span class='ocrx_word' id='word_1_47' title='bbox 409 866 459 898; x_wconf 84' lang='lat' dir='ltr'><strong>Os</strong></span> <span class='ocrx_word' id='word_1_48' title='bbox 483 864 736 909; x_wconf 73' lang='lat' dir='ltr'><strong>quadratum,</strong></span> <span class='ocrx_word' id='word_1_49' title='bbox 764 860 835 894; x_wconf 86' lang='lat' dir='ltr'><strong>sive</strong></span> <span class='ocrx_word' id='word_1_50' title='bbox 857 859 941 894; x_wconf 88' lang='lat' dir='ltr'><strong>ossis</strong></span> <span class='ocrx_word' id='word_1_51' title='bbox 961 869 1161 907; x_wconf 82' lang='lat' dir='ltr'><strong>temporum</strong></span> <span class='ocrx_word' id='word_1_52' title='bbox 1185 871 1264 906; x_wconf 86' lang='lat' dir='ltr'><strong>pars</strong></span> <span class='ocrx_word' id='word_1_53' title='bbox 1287 872 1510 905; x_wconf 74' lang='lat' dir='ltr'><strong>squamosa,</strong></span> <span class='ocrx_word' id='word_1_54' title='bbox 1538 859 1572 894; x_wconf 82' lang='lat' dir='ltr'><strong>in</strong></span> <span class='ocrx_word' id='word_1_55' title='bbox 1596 869 1733 894; x_wconf 83' lang='lat' dir='ltr'><strong>merum</strong></span> <span class='ocrx_word' id='word_1_56' title='bbox 1758 870 1960 908; x_wconf 74' lang='lat' dir='ltr'>processum</span> <span class='ocrx_word' id='word_1_57' title='bbox 1983 861 2222 905; x_wconf 79' lang='lat' dir='ltr'><strong>articularem,</strong></span> <span class='ocrx_word' id='word_1_58' title='bbox 2249 864 2430 900; x_wconf 77' lang='lat' dir='ltr'><strong>maxillam</strong></span> 
     </span>
     <span class='ocr_line' id='line_1_8' title="bbox 392 924 2433 976; baseline 0 -11"><span class='ocrx_word' id='word_1_59' title='bbox 392 930 595 965; x_wconf 85' lang='lat' dir='ltr'><strong>inferiorem</strong></span> <span class='ocrx_word' id='word_1_60' title='bbox 616 926 847 975; x_wconf 77' lang='lat' dir='ltr'>excipientem</span> <span class='ocrx_word' id='word_1_61' title='bbox 861 953 869 969; x_wconf 94' lang='lat'><strong>,</strong></span> <span class='ocrx_word' id='word_1_62' title='bbox 896 926 1104 960; x_wconf 82' lang='lat' dir='ltr'><strong>abbreviata.</strong></span> <span class='ocrx_word' id='word_1_63' title='bbox 1157 924 1464 973; x_wconf 77' lang='lat' dir='ltr'><strong>Haudquaquam,</strong></span> <span class='ocrx_word' id='word_1_64' title='bbox 1492 936 1530 961; x_wconf 84' lang='lat' dir='ltr'><strong>ut</strong></span> <span class='ocrx_word' id='word_1_65' title='bbox 1550 926 1608 961; x_wconf 86' lang='lat' dir='ltr'><strong>alii</strong></span> <span class='ocrx_word' id='word_1_66' title='bbox 1630 926 1917 975; x_wconf 73' lang='lat' dir='ltr'><strong>interpretantur,</strong></span> <span class='ocrx_word' id='word_1_67' title='bbox 1944 927 2081 962; x_wconf 77' lang='lat' dir='ltr'><strong>diversa</strong></span> <span class='ocrx_word' id='word_1_68' title='bbox 2100 925 2272 976; x_wconf 79' lang='lat' dir='ltr'><strong>quaedam</strong></span> <span class='ocrx_word' id='word_1_69' title='bbox 2295 931 2336 965; x_wconf 88' lang='lat' dir='ltr'><strong>ab</strong></span> <span class='ocrx_word' id='word_1_70' title='bbox 2358 944 2433 966; x_wconf 90' lang='lat' dir='ltr'><strong>osse</strong></span> 
     </span>
     <span class='ocr_line' id='line_1_9' title="bbox 395 991 2434 1044; baseline -0 -12"><span class='ocrx_word' id='word_1_71' title='bbox 395 1008 582 1044; x_wconf 83' lang='lat' dir='ltr'><strong>squamoso</strong></span> <span class='ocrx_word' id='word_1_72' title='bbox 616 1003 649 1029; x_wconf 87' lang='lat' dir='ltr'><strong>et</strong></span> <span class='ocrx_word' id='word_1_73' title='bbox 680 1006 769 1041; x_wconf 88' lang='lat' dir='ltr'><strong>quae</strong></span> <span class='ocrx_word' id='word_1_74' title='bbox 798 1002 935 1040; x_wconf 85' lang='lat' dir='ltr'><strong>praeter</strong></span> <span class='ocrx_word' id='word_1_75' title='bbox 960 991 1052 1026; x_wconf 89' lang='lat' dir='ltr'><strong>illud</strong></span> <span class='ocrx_word' id='word_1_76' title='bbox 1072 992 1141 1026; x_wconf 88' lang='lat' dir='ltr'><strong>ossi</strong></span> <span class='ocrx_word' id='word_1_77' title='bbox 1164 1001 1366 1040; x_wconf 87' lang='lat' dir='ltr'><strong>temporum</strong></span> <span class='ocrx_word' id='word_1_78' title='bbox 1386 992 1527 1027; x_wconf 78' lang='lat' dir='ltr'><strong>accedat</strong></span> <span class='ocrx_word' id='word_1_79' title='bbox 1551 1006 1649 1041; x_wconf 85' lang='lat' dir='ltr'><strong>pars,</strong></span> <span class='ocrx_word' id='word_1_80' title='bbox 1687 992 1746 1028; x_wconf 83' lang='lat' dir='ltr'><strong>sed</strong></span> <span class='ocrx_word' id='word_1_81' title='bbox 1768 994 1883 1042; x_wconf 85' lang='lat' dir='ltr'><strong>ipsum</strong></span> <span class='ocrx_word' id='word_1_82' title='bbox 1903 1006 2040 1029; x_wconf 85' lang='lat' dir='ltr'><strong>merum</strong></span> <span class='ocrx_word' id='word_1_83' title='bbox 2072 1007 2111 1030; x_wconf 87' lang='lat' dir='ltr'><strong>os</strong></span> <span class='ocrx_word' id='word_1_84' title='bbox 2133 1007 2378 1042; x_wconf 68' lang='lat' dir='ltr'><strong>squamosum,</strong></span> <span class='ocrx_word' id='word_1_85' title='bbox 2415 1010 2434 1031; x_wconf 91' lang='lat' dir='ltr'><strong>a</strong></span> 
     </span>
     <span class='ocr_line' id='line_1_10' title="bbox 395 1058 2435 1112; baseline 0 -15"><span class='ocrx_word' id='word_1_86' title='bbox 395 1061 596 1112; x_wconf 81' lang='lat' dir='ltr'><strong>tympanico</strong></span> <span class='ocrx_word' id='word_1_87' title='bbox 626 1060 753 1108; x_wconf 81' lang='lat' dir='ltr'><strong>igitur,</strong></span> <span class='ocrx_word' id='word_1_88' title='bbox 789 1059 846 1094; x_wconf 86' lang='lat' dir='ltr'><strong>cui</strong></span> <span class='ocrx_word' id='word_1_89' title='bbox 866 1071 1049 1106; x_wconf 78' lang='lat' dir='ltr'><strong>perperam</strong></span> <span class='ocrx_word' id='word_1_90' title='bbox 1078 1058 1205 1106; x_wconf 86' lang='lat' dir='ltr'><strong>passim</strong></span> <span class='ocrx_word' id='word_1_91' title='bbox 1239 1058 1488 1104; x_wconf 86' lang='lat' dir='ltr'><strong>confunditur,</strong></span> <span class='ocrx_word' id='word_1_92' title='bbox 1524 1060 1578 1094; x_wconf 88' lang='lat' dir='ltr'><strong>vel</strong></span> <span class='ocrx_word' id='word_1_93' title='bbox 1601 1060 1752 1094; x_wconf 81' lang='lat' dir='ltr'>maxime</span> <span class='ocrx_word' id='word_1_94' title='bbox 1774 1060 1938 1095; x_wconf 84' lang='lat' dir='ltr'><strong>alienum.</strong></span> <span class='ocrx_word' id='word_1_95' title='bbox 1991 1060 2030 1095; x_wconf 89' lang='lat' dir='ltr'><strong>In</strong></span> <span class='ocrx_word' id='word_1_96' title='bbox 2057 1072 2164 1108; x_wconf 84' lang='lat' dir='ltr'><strong>quam</strong></span> <span class='ocrx_word' id='word_1_97' title='bbox 2187 1071 2261 1097; x_wconf 73' lang='lat' dir='ltr'><strong>rem</strong></span> <span class='ocrx_word' id='word_1_98' title='bbox 2286 1062 2435 1098; x_wconf 82' lang='lat' dir='ltr'><strong>redeun-</strong></span> 
     </span>
     <span class='ocr_line' id='line_1_11' title="bbox 398 1124 1938 1174; baseline -0.001 -10"><span class='ocrx_word' id='word_1_99' title='bbox 398 1129 483 1164; x_wconf 87' lang='lat' dir='ltr'><strong>dum</strong></span> <span class='ocrx_word' id='word_1_100' title='bbox 504 1128 570 1163; x_wconf 85' lang='lat' dir='ltr'><strong>erit</strong></span> <span class='ocrx_word' id='word_1_101' title='bbox 593 1140 675 1161; x_wconf 89' lang='lat' dir='ltr'><strong>mox</strong></span> <span class='ocrx_word' id='word_1_102' title='bbox 696 1127 805 1168; x_wconf 80' lang='lat' dir='ltr'><strong>infra,</strong></span> <span class='ocrx_word' id='word_1_103' title='bbox 839 1124 933 1173; x_wconf 85' lang='lat' dir='ltr'><strong>apud</strong></span> <span class='ocrx_word' id='word_1_104' title='bbox 955 1124 1140 1160; x_wconf 86' lang='lat' dir='ltr'><strong>testudinis</strong></span> <span class='ocrx_word' id='word_1_105' title='bbox 1161 1138 1309 1170; x_wconf 83' lang='lat' dir='ltr'><strong>cavanae</strong></span> <span class='ocrx_word' id='word_1_106' title='bbox 1335 1138 1375 1160; x_wconf 85' lang='lat' dir='ltr'><strong>os</strong></span> <span class='ocrx_word' id='word_1_107' title='bbox 1393 1125 1623 1173; x_wconf 82' lang='lat' dir='ltr'><strong>quadratum,</strong></span> <span class='ocrx_word' id='word_1_108' title='bbox 1650 1126 1699 1174; x_wconf 71' lang='lat' dir='ltr'><strong>(g)</strong></span> <span class='ocrx_word' id='word_1_109' title='bbox 1727 1126 1826 1174; x_wconf 87' lang='lat' dir='ltr'><strong>quod</strong></span> <span class='ocrx_word' id='word_1_110' title='bbox 1850 1126 1938 1162; x_wconf 87' lang='lat' dir='ltr'><strong>vide.</strong></span> 
     </span>
    </p>

    <p class='ocr_par' dir='ltr' id='par_1_6' title="bbox 340 1189 2432 1372">
     <span class='ocr_line' id='line_1_12' title="bbox 340 1189 2432 1242; baseline -0 -12"><span class='ocrx_word' id='word_1_111' title='bbox 340 1199 374 1242; x_wconf 87' lang='lat' dir='ltr'><strong>f.</strong></span> <span class='ocrx_word' id='word_1_112' title='bbox 406 1199 605 1231; x_wconf 71' lang='lat' dir='ltr'><strong>Processus</strong></span> <span class='ocrx_word' id='word_1_113' title='bbox 626 1194 916 1239; x_wconf 71' lang='lat' dir='ltr'><strong>pterygoicleus,</strong></span> <span class='ocrx_word' id='word_1_114' title='bbox 943 1192 1007 1226; x_wconf 87' lang='lat' dir='ltr'><strong>sub</strong></span> <span class='ocrx_word' id='word_1_115' title='bbox 1028 1191 1160 1225; x_wconf 81' lang='lat' dir='ltr'><strong>annulo</strong></span> <span class='ocrx_word' id='word_1_116' title='bbox 1188 1192 1281 1226; x_wconf 83' lang='lat' dir='ltr'><strong>oculi</strong></span> <span class='ocrx_word' id='word_1_117' title='bbox 1304 1204 1405 1227; x_wconf 82' lang='lat' dir='ltr'><strong>osseo</strong></span> <span class='ocrx_word' id='word_1_118' title='bbox 1423 1192 1480 1227; x_wconf 85' lang='lat' dir='ltr'><strong>hic</strong></span> <span class='ocrx_word' id='word_1_119' title='bbox 1504 1190 1723 1240; x_wconf 82' lang='lat' dir='ltr'><strong>aliquantum</strong></span> <span class='ocrx_word' id='word_1_120' title='bbox 1747 1189 1876 1239; x_wconf 69' lang='lat' dir='ltr'><strong>latens,</strong></span> <span class='ocrx_word' id='word_1_121' title='bbox 1906 1205 1923 1228; x_wconf 80' lang='lat' dir='ltr'><strong>a</strong></span> <span class='ocrx_word' id='word_1_122' title='bbox 1947 1203 2099 1242; x_wconf 76' lang='lat' dir='ltr'><strong>corpore</strong></span> <span class='ocrx_word' id='word_1_123' title='bbox 2120 1189 2203 1229; x_wconf 80' lang='lat' dir='ltr'><strong>ossis</strong></span> <span class='ocrx_word' id='word_1_124' title='bbox 2224 1194 2432 1242; x_wconf 79' lang='lat' dir='ltr'><strong>sphenoidei</strong></span> 
     </span>
     <span class='ocr_line' id='line_1_13' title="bbox 397 1256 2428 1309; baseline -0 -13"><span class='ocrx_word' id='word_1_125' title='bbox 397 1262 495 1309; x_wconf 80' lang='lat' dir='ltr'><strong>quasi</strong></span> <span class='ocrx_word' id='word_1_126' title='bbox 522 1261 684 1307; x_wconf 87' lang='lat' dir='ltr'><strong>delapsus</strong></span> <span class='ocrx_word' id='word_1_127' title='bbox 706 1268 738 1292; x_wconf 85' lang='lat' dir='ltr'><strong>et</strong></span> <span class='ocrx_word' id='word_1_128' title='bbox 761 1257 806 1292; x_wconf 90' lang='lat' dir='ltr'><strong>ad</strong></span> <span class='ocrx_word' id='word_1_129' title='bbox 828 1258 935 1292; x_wconf 86' lang='lat' dir='ltr'><strong>latera</strong></span> <span class='ocrx_word' id='word_1_130' title='bbox 966 1256 1167 1307; x_wconf 75' lang='lat' dir='ltr'><strong>discedenS,</strong></span> <span class='ocrx_word' id='word_1_131' title='bbox 1206 1271 1270 1293; x_wconf 87' lang='lat' dir='ltr'><strong>nec</strong></span> <span class='ocrx_word' id='word_1_132' title='bbox 1292 1259 1411 1306; x_wconf 88' lang='lat' dir='ltr'><strong>prouti</strong></span> <span class='ocrx_word' id='word_1_133' title='bbox 1442 1260 1477 1294; x_wconf 84' lang='lat' dir='ltr'><strong>in</strong></span> <span class='ocrx_word' id='word_1_134' title='bbox 1498 1259 1670 1295; x_wconf 79' lang='lat' dir='ltr'><strong>testudine</strong></span> <span class='ocrx_word' id='word_1_135' title='bbox 1697 1261 1761 1295; x_wconf 90' lang='lat' dir='ltr'><strong>sub</strong></span> <span class='ocrx_word' id='word_1_136' title='bbox 1785 1260 1898 1308; x_wconf 82' lang='lat' dir='ltr'><strong>capite</strong></span> <span class='ocrx_word' id='word_1_137' title='bbox 1919 1261 2109 1309; x_wconf 71' lang='lat' dir='ltr'><strong>congeneri</strong></span> <span class='ocrx_word' id='word_1_138' title='bbox 2136 1260 2279 1296; x_wconf 75' lang='lat' dir='ltr'><strong>alterius</strong></span> <span class='ocrx_word' id='word_1_139' title='bbox 2311 1261 2428 1296; x_wconf 87' lang='lat' dir='ltr'><strong>lateris</strong></span> 
     </span>
     <span class='ocr_line' id='line_1_14' title="bbox 398 1328 700 1372; baseline -0.017 -10"><span class='ocrx_word' id='word_1_140' title='bbox 398 1328 465 1362; x_wconf 87' lang='lat' dir='ltr'><strong>ossi</strong></span> <span class='ocrx_word' id='word_1_141' title='bbox 484 1329 700 1372; x_wconf 79' lang='lat' dir='ltr'><strong>conjunctus.</strong></span> 
     </span>
    </p>

    <p class='ocr_par' dir='ltr' id='par_1_7' title="bbox 350 1388 2441 1774">
     <span class='ocr_line' id='line_1_15' title="bbox 350 1388 2438 1442; baseline -0 -14"><span class='ocrx_word' id='word_1_142' title='bbox 350 1408 379 1428; x_wconf 86' lang='grc' dir='ltr'><strong>ν.</strong></span> <span class='ocrx_word' id='word_1_143' title='bbox 410 1396 462 1428; x_wconf 80' lang='lat' dir='ltr'><strong>Os</strong></span> <span class='ocrx_word' id='word_1_144' title='bbox 476 1393 796 1439; x_wconf 77' lang='lat' dir='ltr'><strong>pterygoideum;</strong></span> <span class='ocrx_word' id='word_1_145' title='bbox 824 1388 1041 1438; x_wconf 84' lang='lat' dir='ltr'><strong>(omoideum</strong></span> <span class='ocrx_word' id='word_1_146' title='bbox 1063 1389 1199 1434; x_wconf 79' lang='lat' dir='ltr'><strong>avium3</strong></span> <span class='ocrx_word' id='word_1_147' title='bbox 1226 1389 1279 1425; x_wconf 87' lang='lat' dir='ltr'><strong>ala</strong></span> <span class='ocrx_word' id='word_1_148' title='bbox 1301 1389 1436 1426; x_wconf 77' lang='lat' dir='ltr'><strong>interna</strong></span> <span class='ocrx_word' id='word_1_149' title='bbox 1460 1402 1642 1438; x_wconf 79' lang='lat' dir='ltr'><strong>processus</strong></span> <span class='ocrx_word' id='word_1_150' title='bbox 1660 1392 1887 1441; x_wconf 79' lang='lat' dir='ltr'><strong>pterygoidei</strong></span> <span class='ocrx_word' id='word_1_151' title='bbox 1909 1393 2018 1428; x_wconf 86' lang='lat' dir='ltr'><strong>cranii</strong></span> <span class='ocrx_word' id='word_1_152' title='bbox 2040 1391 2206 1440; x_wconf 85' lang='lat' dir='ltr'><strong>hominis)</strong></span> <span class='ocrx_word' id='word_1_153' title='bbox 2233 1404 2438 1442; x_wconf 72' lang='lat' dir='ltr'><strong>processum</strong></span> 
     </span>
     <span class='ocr_line' id='line_1_16' title="bbox 401 1456 2436 1508; baseline 0 -14"><span class='ocrx_word' id='word_1_154' title='bbox 401 1458 675 1508; x_wconf 83' lang='lat' dir='ltr'><strong>pterygoideum</strong></span> <span class='ocrx_word' id='word_1_155' title='bbox 707 1457 799 1491; x_wconf 85' lang='lat' dir='ltr'><strong>inter</strong></span> <span class='ocrx_word' id='word_1_156' title='bbox 831 1466 865 1491; x_wconf 83' lang='lat' dir='ltr'><strong>et</strong></span> <span class='ocrx_word' id='word_1_157' title='bbox 892 1466 1088 1491; x_wconf 80' lang='lat' dir='ltr'><strong>extremum</strong></span> <span class='ocrx_word' id='word_1_158' title='bbox 1111 1469 1148 1490; x_wconf 91' lang='lat' dir='ltr'><strong>os</strong></span> <span class='ocrx_word' id='word_1_159' title='bbox 1169 1456 1400 1504; x_wconf 83' lang='lat' dir='ltr'><strong>quadratum,</strong></span> <span class='ocrx_word' id='word_1_160' title='bbox 1437 1461 1558 1506; x_wconf 77' lang='lat' dir='ltr'><strong>jugum</strong></span> <span class='ocrx_word' id='word_1_161' title='bbox 1588 1471 1709 1506; x_wconf 88' lang='lat' dir='ltr'><strong>usque.</strong></span> <span class='ocrx_word' id='word_1_162' title='bbox 1773 1458 1895 1493; x_wconf 63' lang='lat' dir='ltr'><strong>P&#39;ositu</strong></span> <span class='ocrx_word' id='word_1_163' title='bbox 1915 1459 1968 1493; x_wconf 88' lang='lat' dir='ltr'><strong>illi</strong></span> <span class='ocrx_word' id='word_1_164' title='bbox 1990 1460 2025 1493; x_wconf 90' lang='lat' dir='ltr'><strong>in</strong></span> <span class='ocrx_word' id='word_1_165' title='bbox 2047 1460 2162 1493; x_wconf 81' lang='lat' dir='ltr'><strong>avium</strong></span> <span class='ocrx_word' id='word_1_166' title='bbox 2181 1468 2310 1507; x_wconf 75' lang='lat' dir='ltr'><strong>genere</strong></span> <span class='ocrx_word' id='word_1_167' title='bbox 2333 1460 2436 1494; x_wconf 81' lang='lat' dir='ltr'><strong>affini.</strong></span> 
     </span>
     <span class='ocr_line' id='line_1_17' title="bbox 405 1523 2441 1574; baseline 0 -14"><span class='ocrx_word' id='word_1_168' title='bbox 405 1527 569 1561; x_wconf 78' lang='lat' dir='ltr'><strong>Ceterum</strong></span> <span class='ocrx_word' id='word_1_169' title='bbox 593 1524 628 1558; x_wconf 93' lang='lat' dir='ltr'><strong>in</strong></span> <span class='ocrx_word' id='word_1_170' title='bbox 651 1523 748 1558; x_wconf 87' lang='lat' dir='ltr'><strong>omni</strong></span> <span class='ocrx_word' id='word_1_171' title='bbox 769 1523 973 1557; x_wconf 84' lang='lat' dir='ltr'><strong>animalium</strong></span> <span class='ocrx_word' id='word_1_172' title='bbox 993 1523 1081 1557; x_wconf 81' lang='lat' dir='ltr'><strong>serie</strong></span> <span class='ocrx_word' id='word_1_173' title='bbox 1100 1523 1276 1558; x_wconf 85' lang='lat' dir='ltr'><strong>variabilis</strong></span> <span class='ocrx_word' id='word_1_174' title='bbox 1299 1525 1421 1571; x_wconf 84' lang='lat' dir='ltr'><strong>paullo</strong></span> <span class='ocrx_word' id='word_1_175' title='bbox 1445 1525 1550 1570; x_wconf 80' lang='lat' dir='ltr'><strong>situs;</strong></span> <span class='ocrx_word' id='word_1_176' title='bbox 1585 1525 1621 1560; x_wconf 79' lang='lat' dir='ltr'><strong>in</strong></span> <span class='ocrx_word' id='word_1_177' title='bbox 1642 1528 1827 1561; x_wconf 74' lang='lat' dir='ltr'><em>crocodilo</em></span> <span class='ocrx_word' id='word_1_178' title='bbox 1852 1535 2054 1561; x_wconf 79' lang='lat' dir='ltr'><strong>antrorsum</strong></span> <span class='ocrx_word' id='word_1_179' title='bbox 2075 1536 2106 1560; x_wconf 86' lang='lat' dir='ltr'><strong>et</strong></span> <span class='ocrx_word' id='word_1_180' title='bbox 2128 1525 2172 1560; x_wconf 85' lang='lat' dir='ltr'><strong>ad</strong></span> <span class='ocrx_word' id='word_1_181' title='bbox 2194 1526 2284 1560; x_wconf 73' lang='lat' dir='ltr'><strong>latus</strong></span> <span class='ocrx_word' id='word_1_182' title='bbox 2302 1526 2441 1574; x_wconf 80' lang='lat' dir='ltr'><strong>ablega-</strong></span> 
     </span>
     <span class='ocr_line' id='line_1_18' title="bbox 403 1588 2441 1641; baseline 0 -14"><span class='ocrx_word' id='word_1_183' title='bbox 403 1603 498 1637; x_wconf 79' lang='lat' dir='ltr'><strong>tum,</strong></span> <span class='ocrx_word' id='word_1_184' title='bbox 525 1592 581 1638; x_wconf 89' lang='lat' dir='ltr'><strong>(cf.</strong></span> <span class='ocrx_word' id='word_1_185' title='bbox 602 1591 695 1636; x_wconf 80' lang='lat' dir='ltr'><strong>Spix</strong></span> <span class='ocrx_word' id='word_1_186' title='bbox 713 1588 980 1637; x_wconf 80' lang='lat' dir='ltr'><strong>cephalogenes.</strong></span> <span class='ocrx_word' id='word_1_187' title='bbox 1016 1588 1104 1624; x_wconf 88' lang='lat' dir='ltr'><strong>Tab.</strong></span> <span class='ocrx_word' id='word_1_188' title='bbox 1120 1588 1164 1624; x_wconf 82' lang='lat' dir='ltr'><strong>V.</strong></span> <span class='ocrx_word' id='word_1_189' title='bbox 1190 1591 1274 1638; x_wconf 80' lang='lat' dir='ltr'><strong>figg.</strong></span> <span class='ocrx_word' id='word_1_190' title='bbox 1291 1603 1318 1624; x_wconf 83' lang='lat'><strong>1.</strong></span> <span class='ocrx_word' id='word_1_191' title='bbox 1333 1603 1364 1625; x_wconf 78' lang='lat'><strong>2.</strong></span> <span class='ocrx_word' id='word_1_192' title='bbox 1392 1601 1464 1626; x_wconf 90' lang='lat' dir='ltr'><strong>not.</strong></span> <span class='ocrx_word' id='word_1_193' title='bbox 1484 1592 1557 1641; x_wconf 12' lang='lat'><strong>142),</strong></span> <span class='ocrx_word' id='word_1_194' title='bbox 1577 1592 1614 1626; x_wconf 88' lang='lat' dir='ltr'><strong>in</strong></span> <span class='ocrx_word' id='word_1_195' title='bbox 1635 1594 1762 1634; x_wconf 56' lang='lat' dir='ltr'><strong>rania,</strong></span> <span class='ocrx_word' id='word_1_196' title='bbox 1800 1594 1846 1628; x_wconf 83' lang='lat' dir='ltr'><strong>ob</strong></span> <span class='ocrx_word' id='word_1_197' title='bbox 1867 1602 2134 1641; x_wconf 73' lang='lat' dir='ltr'><strong>exsuperantem</strong></span> <span class='ocrx_word' id='word_1_198' title='bbox 2154 1593 2371 1637; x_wconf 56' lang='lat' dir='ltr'><strong>oculorum,</strong></span> <span class='ocrx_word' id='word_1_199' title='bbox 2396 1592 2441 1627; x_wconf 87' lang='lat' dir='ltr'><strong>ad</strong></span> 
     </span>
     <span class='ocr_line' id='line_1_19' title="bbox 404 1655 2440 1707; baseline 0 -14"><span class='ocrx_word' id='word_1_200' title='bbox 404 1659 559 1707; x_wconf 80' lang='lat' dir='ltr'><strong>palatum</strong></span> <span class='ocrx_word' id='word_1_201' title='bbox 582 1669 693 1703; x_wconf 89' lang='lat' dir='ltr'><strong>usque</strong></span> <span class='ocrx_word' id='word_1_202' title='bbox 719 1655 954 1690; x_wconf 85' lang='lat' dir='ltr'><strong>demissorum</strong></span> <span class='ocrx_word' id='word_1_203' title='bbox 984 1656 1136 1699; x_wconf 80' lang='lat' dir='ltr'><strong>molem,</strong></span> <span class='ocrx_word' id='word_1_204' title='bbox 1171 1656 1283 1704; x_wconf 86' lang='lat' dir='ltr'><strong>magis</strong></span> <span class='ocrx_word' id='word_1_205' title='bbox 1304 1657 1407 1692; x_wconf 77' lang='lat' dir='ltr'><strong>etiam</strong></span> <span class='ocrx_word' id='word_1_206' title='bbox 1440 1670 1458 1692; x_wconf 88' lang='lat' dir='ltr'><strong>e</strong></span> <span class='ocrx_word' id='word_1_207' title='bbox 1482 1657 1565 1693; x_wconf 79' lang='lat' dir='ltr'><strong>sede</strong></span> <span class='ocrx_word' id='word_1_208' title='bbox 1595 1655 1842 1706; x_wconf 81' lang='lat' dir='ltr'><strong>suapulsum,</strong></span> <span class='ocrx_word' id='word_1_209' title='bbox 1879 1660 1963 1707; x_wconf 81' lang='lat' dir='ltr'><strong>quin</strong></span> <span class='ocrx_word' id='word_1_210' title='bbox 1986 1669 2101 1694; x_wconf 82' lang='lat' dir='ltr'><strong>tamen</strong></span> <span class='ocrx_word' id='word_1_211' title='bbox 2123 1663 2195 1705; x_wconf 80' lang='lat' dir='ltr'><strong>ejus</strong></span> <span class='ocrx_word' id='word_1_212' title='bbox 2227 1656 2440 1707; x_wconf 65' lang='lat' dir='ltr'><strong>significatus</strong></span> 
     </span>
     <span class='ocr_line' id='line_1_20' title="bbox 405 1721 2416 1774; baseline 0.001 -16"><span class='ocrx_word' id='word_1_213' title='bbox 405 1727 525 1773; x_wconf 33' lang='lat' dir='ltr'><strong>(que-m</strong></span> <span class='ocrx_word' id='word_1_214' title='bbox 548 1724 584 1757; x_wconf 90' lang='lat' dir='ltr'><strong>in</strong></span> <span class='ocrx_word' id='word_1_215' title='bbox 604 1722 696 1757; x_wconf 86' lang='lat' dir='ltr'><strong>Iside</strong></span> <span class='ocrx_word' id='word_1_216' title='bbox 714 1722 776 1756; x_wconf 87' lang='lat' dir='ltr'><strong>l.c.</strong></span> <span class='ocrx_word' id='word_1_217' title='bbox 804 1721 898 1770; x_wconf 85' lang='lat' dir='ltr'><strong>apud</strong></span> <span class='ocrx_word' id='word_1_218' title='bbox 921 1734 1039 1765; x_wconf 82' lang='lat' dir='ltr'><strong>ranaS‚</strong></span> <span class='ocrx_word' id='word_1_219' title='bbox 1066 1722 1211 1756; x_wconf 83' lang='lat' dir='ltr'><strong>lacertas</strong></span> <span class='ocrx_word' id='word_1_220' title='bbox 1233 1722 1386 1771; x_wconf 85' lang='lat' dir='ltr'><strong>aliasque</strong></span> <span class='ocrx_word' id='word_1_221' title='bbox 1407 1725 1530 1759; x_wconf 80' lang='lat' dir='ltr'><strong>bestias</strong></span> <span class='ocrx_word' id='word_1_222' title='bbox 1553 1721 1783 1760; x_wconf 67' lang='lat' dir='ltr'><strong>mihi&#39;videor</strong></span> <span class='ocrx_word' id='word_1_223' title='bbox 1803 1725 2072 1773; x_wconf 69' lang='lat' dir='ltr'><strong>demonstrasse)</strong></span> <span class='ocrx_word' id='word_1_224' title='bbox 2100 1735 2245 1774; x_wconf 72' lang='lat' dir='ltr'><strong>prorsus</strong></span> <span class='ocrx_word' id='word_1_225' title='bbox 2263 1724 2416 1760; x_wconf 73' lang='lat' dir='ltr'><strong>deliteat.-</strong></span> 
     </span>
    </p>

    <p class='ocr_par' dir='ltr' id='par_1_8' title="bbox 355 1788 2441 1972">
     <span class='ocr_line' id='line_1_21' title="bbox 355 1788 2438 1840; baseline -0.001 -13"><span class='ocrx_word' id='word_1_226' title='bbox 355 1803 388 1827; x_wconf 86' lang='lat' dir='ltr'><strong>n.</strong></span> <span class='ocrx_word' id='word_1_227' title='bbox 416 1792 660 1831; x_wconf 77' lang='lat' dir='ltr'><strong>Palatinum,</strong></span> <span class='ocrx_word' id='word_1_228' title='bbox 687 1789 753 1823; x_wconf 83' lang='lat' dir='ltr'><strong>sub</strong></span> <span class='ocrx_word' id='word_1_229' title='bbox 765 1788 860 1823; x_wconf 84' lang='lat' dir='ltr'><strong>oculi</strong></span> <span class='ocrx_word' id='word_1_230' title='bbox 881 1801 979 1823; x_wconf 87' lang='lat' dir='ltr'><strong>osseo</strong></span> <span class='ocrx_word' id='word_1_231' title='bbox 1002 1788 1137 1823; x_wconf 85' lang='lat' dir='ltr'><strong>circulo</strong></span> <span class='ocrx_word' id='word_1_232' title='bbox 1156 1789 1307 1823; x_wconf 84' lang='lat' dir='ltr'><strong>orbitam</strong></span> <span class='ocrx_word' id='word_1_233' title='bbox 1330 1799 1363 1823; x_wconf 84' lang='lat' dir='ltr'><strong>et</strong></span> <span class='ocrx_word' id='word_1_234' title='bbox 1382 1791 1505 1824; x_wconf 79' lang='lat' dir='ltr'><strong>faciem</strong></span> <span class='ocrx_word' id='word_1_235' title='bbox 1527 1801 1646 1826; x_wconf 80' lang='lat' dir='ltr'><strong>versus</strong></span> <span class='ocrx_word' id='word_1_236' title='bbox 1666 1788 1788 1839; x_wconf 75' lang='lat' dir='ltr'><strong>paullo</strong></span> <span class='ocrx_word' id='word_1_237' title='bbox 1807 1802 2010 1840; x_wconf 74' lang='lat' dir='ltr'><strong>emergens3</strong></span> <span class='ocrx_word' id='word_1_238' title='bbox 2038 1794 2080 1827; x_wconf 82' lang='lat' dir='ltr'><strong>ab</strong></span> <span class='ocrx_word' id='word_1_239' title='bbox 2103 1801 2180 1827; x_wconf 79' lang='lat' dir='ltr'><strong>osse</strong></span> <span class='ocrx_word' id='word_1_240' title='bbox 2202 1792 2277 1840; x_wconf 79' lang='lat' dir='ltr'><strong>pari</strong></span> <span class='ocrx_word' id='word_1_241' title='bbox 2299 1788 2438 1826; x_wconf 81' lang='lat' dir='ltr'><strong>distans.</strong></span> 
     </span>
     <span class='ocr_line' id='line_1_22' title="bbox 405 1854 2441 1902; baseline 0 -10"><span class='ocrx_word' id='word_1_242' title='bbox 405 1857 526 1892; x_wconf 84' lang='lat' dir='ltr'><strong>Palato</strong></span> <span class='ocrx_word' id='word_1_243' title='bbox 548 1856 716 1890; x_wconf 88' lang='lat' dir='ltr'><strong>nimirum</strong></span> <span class='ocrx_word' id='word_1_244' title='bbox 738 1867 837 1888; x_wconf 87' lang='lat' dir='ltr'><strong>osseo</strong></span> <span class='ocrx_word' id='word_1_245' title='bbox 865 1855 901 1887; x_wconf 87' lang='lat' dir='ltr'><strong>in</strong></span> <span class='ocrx_word' id='word_1_246' title='bbox 926 1854 1078 1901; x_wconf 75' lang='lat' dir='ltr'><strong>piscibus</strong></span> <span class='ocrx_word' id='word_1_247' title='bbox 1104 1864 1275 1902; x_wconf 84' lang='lat' dir='ltr'><strong>perpetuo</strong></span> <span class='ocrx_word' id='word_1_248' title='bbox 1299 1855 1391 1889; x_wconf 81' lang='lat' dir='ltr'><strong>fisso.</strong></span> <span class='ocrx_word' id='word_1_249' title='bbox 1445 1856 1561 1897; x_wconf 78' lang='lat' dir='ltr'><strong>Quam</strong></span> <span class='ocrx_word' id='word_1_250' title='bbox 1588 1854 1712 1892; x_wconf 81' lang='lat' dir='ltr'><strong>infimo</strong></span> <span class='ocrx_word' id='word_1_251' title='bbox 1735 1858 2014 1893; x_wconf 72' lang='lat' dir='ltr'><strong>vertebratornm</strong></span> <span class='ocrx_word' id='word_1_252' title='bbox 2036 1858 2154 1893; x_wconf 75' lang='lat' dir='ltr'><strong>ordini</strong></span> <span class='ocrx_word' id='word_1_253' title='bbox 2183 1857 2271 1893; x_wconf 77' lang='lat' dir='ltr'><strong>adeo</strong></span> <span class='ocrx_word' id='word_1_254' title='bbox 2294 1854 2441 1893; x_wconf 69' lang='lat' dir='ltr'><strong>familia-</strong></span> 
     </span>
     <span class='ocr_line' id='line_1_23' title="bbox 407 1919 2301 1972; baseline 0 -14"><span class='ocrx_word' id='word_1_255' title='bbox 407 1937 482 1959; x_wconf 87' lang='lat' dir='ltr'><strong>rem</strong></span> <span class='ocrx_word' id='word_1_256' title='bbox 510 1931 735 1965; x_wconf 72' lang='lat' dir='ltr'><strong>structuram,</strong></span> <span class='ocrx_word' id='word_1_257' title='bbox 761 1920 797 1954; x_wconf 90' lang='lat' dir='ltr'><strong>in</strong></span> <span class='ocrx_word' id='word_1_258' title='bbox 818 1920 895 1968; x_wconf 86' lang='lat' dir='ltr'><strong>ipso</strong></span> <span class='ocrx_word' id='word_1_259' title='bbox 919 1919 1074 1954; x_wconf 87' lang='lat' dir='ltr'><strong>humano</strong></span> <span class='ocrx_word' id='word_1_260' title='bbox 1096 1933 1225 1968; x_wconf 80' lang='lat' dir='ltr'><strong>genere</strong></span> <span class='ocrx_word' id='word_1_261' title='bbox 1247 1934 1309 1968; x_wconf 86' lang='lat' dir='ltr'><strong>per</strong></span> <span class='ocrx_word' id='word_1_262' title='bbox 1331 1932 1566 1957; x_wconf 82' lang='lat' dir='ltr'><strong>monstrosam</strong></span> <span class='ocrx_word' id='word_1_263' title='bbox 1590 1924 1742 1958; x_wconf 78' lang='lat' dir='ltr'><strong>formam</strong></span> <span class='ocrx_word' id='word_1_264' title='bbox 1770 1924 1898 1972; x_wconf 88' lang='lat' dir='ltr'><strong>passim</strong></span> <span class='ocrx_word' id='word_1_265' title='bbox 1922 1924 2037 1960; x_wconf 87' lang='lat' dir='ltr'><strong>redire</strong></span> <span class='ocrx_word' id='word_1_266' title='bbox 2061 1924 2301 1972; x_wconf 78' lang='lat' dir='ltr'><strong>intelligimus.</strong></span> 
     </span>
    </p>

    <p class='ocr_par' dir='ltr' id='par_1_9' title="bbox 354 1986 2446 2225">
     <span class='ocr_line' id='line_1_24' title="bbox 354 1986 2443 2038; baseline -0.001 -12"><span class='ocrx_word' id='word_1_267' title='bbox 354 2005 392 2038; x_wconf 81' lang='lat' dir='ltr'><strong>p.</strong></span> <span class='ocrx_word' id='word_1_268' title='bbox 421 1989 757 2037; x_wconf 74' lang='lat' dir='ltr'><strong>Supramaxillare.</strong></span> <span class='ocrx_word' id='word_1_269' title='bbox 791 1986 1005 2021; x_wconf 88' lang='lat' dir='ltr'><strong>Antrorsum</strong></span> <span class='ocrx_word' id='word_1_270' title='bbox 1030 1990 1124 2032; x_wconf 77' lang='lat' dir='ltr'><strong>juxta</strong></span> <span class='ocrx_word' id='word_1_271' title='bbox 1144 1999 1324 2021; x_wconf 85' lang='lat' dir='ltr'><strong>vomerem</strong></span> <span class='ocrx_word' id='word_1_272' title='bbox 1345 1999 1571 2036; x_wconf 82' lang='lat' dir='ltr'><strong>comparens,</strong></span> <span class='ocrx_word' id='word_1_273' title='bbox 1597 1999 1789 2035; x_wconf 86' lang='lat' dir='ltr'><strong>retrorsum</strong></span> <span class='ocrx_word' id='word_1_274' title='bbox 1810 1992 1874 2025; x_wconf 84' lang='lat' dir='ltr'><strong>sub</strong></span> <span class='ocrx_word' id='word_1_275' title='bbox 1894 1993 2025 2036; x_wconf 85' lang='lat' dir='ltr'><strong>majore</strong></span> <span class='ocrx_word' id='word_1_276' title='bbox 2045 2004 2189 2038; x_wconf 79' lang='lat' dir='ltr'><strong>squama</strong></span> <span class='ocrx_word' id='word_1_277' title='bbox 2214 1990 2337 2025; x_wconf 83' lang='lat' dir='ltr'><strong>circuli</strong></span> <span class='ocrx_word' id='word_1_278' title='bbox 2360 2003 2443 2024; x_wconf 87' lang='lat' dir='ltr'><strong>ocu-</strong></span> 
     </span>
     <span class='ocr_line' id='line_1_25' title="bbox 407 2052 2443 2105; baseline 0 -14"><span class='ocrx_word' id='word_1_279' title='bbox 407 2058 524 2092; x_wconf 85' lang='lat' dir='ltr'><strong>lorum</strong></span> <span class='ocrx_word' id='word_1_280' title='bbox 546 2055 634 2089; x_wconf 86' lang='lat' dir='ltr'><strong>ossei</strong></span> <span class='ocrx_word' id='word_1_281' title='bbox 657 2054 804 2088; x_wconf 88' lang='lat' dir='ltr'><strong>latitans.</strong></span> <span class='ocrx_word' id='word_1_282' title='bbox 857 2052 1054 2086; x_wconf 84' lang='lat' dir='ltr'><strong>Palatinum</strong></span> <span class='ocrx_word' id='word_1_283' title='bbox 1080 2054 1282 2087; x_wconf 88' lang='lat' dir='ltr'><strong>auctoribus</strong></span> <span class='ocrx_word' id='word_1_284' title='bbox 1305 2053 1374 2088; x_wconf 85' lang='lat' dir='ltr'><strong>dici</strong></span> <span class='ocrx_word' id='word_1_285' title='bbox 1401 2055 1507 2099; x_wconf 85' lang='lat' dir='ltr'><strong>solet,</strong></span> <span class='ocrx_word' id='word_1_286' title='bbox 1534 2055 1594 2089; x_wconf 84' lang='lat' dir='ltr'><strong>sed</strong></span> <span class='ocrx_word' id='word_1_287' title='bbox 1616 2070 1633 2089; x_wconf 94' lang='lat' dir='ltr'><strong>a</strong></span> <span class='ocrx_word' id='word_1_288' title='bbox 1650 2057 1947 2103; x_wconf 80' lang='lat' dir='ltr'><strong>supramaxillaris</strong></span> <span class='ocrx_word' id='word_1_289' title='bbox 1970 2057 2168 2104; x_wconf 85' lang='lat' dir='ltr'><strong>significatu</strong></span> <span class='ocrx_word' id='word_1_290' title='bbox 2191 2057 2336 2105; x_wconf 83' lang='lat' dir='ltr'><strong>propius</strong></span> <span class='ocrx_word' id='word_1_291' title='bbox 2355 2066 2443 2091; x_wconf 85' lang='lat' dir='ltr'><strong>stare</strong></span> 
     </span>
     <span class='ocr_line' id='line_1_26' title="bbox 407 2119 2446 2171; baseline -0 -13"><span class='ocrx_word' id='word_1_292' title='bbox 407 2122 561 2165; x_wconf 80' lang='lat' dir='ltr'><strong>videtur,</strong></span> <span class='ocrx_word' id='word_1_293' title='bbox 570 2131 621 2171; x_wconf 44' lang='lat' dir='ltr'><strong>‚et</strong></span> <span class='ocrx_word' id='word_1_294' title='bbox 642 2120 801 2154; x_wconf 80' lang='lat' dir='ltr'><strong>dentium</strong></span> <span class='ocrx_word' id='word_1_295' title='bbox 827 2128 994 2166; x_wconf 82' lang='lat' dir='ltr'><strong>apparatu</strong></span> <span class='ocrx_word' id='word_1_296' title='bbox 1013 2119 1077 2154; x_wconf 88' lang='lat' dir='ltr'><strong>sibi</strong></span> <span class='ocrx_word' id='word_1_297' title='bbox 1096 2119 1296 2166; x_wconf 80' lang='lat' dir='ltr'><strong>saepissime</strong></span> <span class='ocrx_word' id='word_1_298' title='bbox 1317 2120 1517 2167; x_wconf 76' lang='lat' dir='ltr'><strong>accedente,</strong></span> <span class='ocrx_word' id='word_1_299' title='bbox 1545 2131 1577 2156; x_wconf 93' lang='lat' dir='ltr'><strong>et</strong></span> <span class='ocrx_word' id='word_1_300' title='bbox 1599 2122 1677 2170; x_wconf 85' lang='lat' dir='ltr'><strong>ipso</strong></span> <span class='ocrx_word' id='word_1_301' title='bbox 1697 2133 1779 2157; x_wconf 85' lang='lat' dir='ltr'><strong>cum</strong></span> <span class='ocrx_word' id='word_1_302' title='bbox 1800 2123 1954 2157; x_wconf 82' lang='lat' dir='ltr'><strong>vomeris</strong></span> <span class='ocrx_word' id='word_1_303' title='bbox 1975 2136 2051 2161; x_wconf 78' lang='lat' dir='ltr'><strong>osse</strong></span> <span class='ocrx_word' id='word_1_304' title='bbox 2066 2123 2219 2158; x_wconf 67' lang='lat' dir='ltr'><strong>‘arctiore</strong></span> <span class='ocrx_word' id='word_1_305' title='bbox 2242 2136 2331 2157; x_wconf 77' lang='lat' dir='ltr'><strong>nexu</strong></span> <span class='ocrx_word' id='word_1_306' title='bbox 2351 2122 2446 2171; x_wconf 82' lang='lat' dir='ltr'><strong>apud</strong></span> 
     </span>
     <span class='ocr_line' id='line_1_27' title="bbox 408 2175 2035 2225; baseline -0.004 0"><span class='ocrx_word' id='word_1_307' title='bbox 408 2182 607 2225; x_wconf 78' lang='lat' dir='ltr'><strong>mammaha</strong></span> <span class='ocrx_word' id='word_1_308' title='bbox 630 2185 809 2221; x_wconf 82' lang='lat' dir='ltr'><strong>redeunte.</strong></span> <span class='ocrx_word' id='word_1_309' title='bbox 2027 2175 2035 2183; x_wconf 24' lang='grc' dir='ltr'>ἦ</span> 
     </span>
    </p>

    <p class='ocr_par' dir='ltr' id='par_1_10' title="bbox 361 2251 2445 2697">
     <span class='ocr_line' id='line_1_28' title="bbox 361 2251 2440 2304; baseline 0.002 -17"><span class='ocrx_word' id='word_1_310' title='bbox 361 2263 515 2304; x_wconf 76' lang='lat' dir='ltr'><strong>q,q¹·q2·</strong></span> <span class='ocrx_word' id='word_1_311' title='bbox 548 2253 865 2288; x_wconf 70' lang='lat' dir='ltr'><strong>Intermaxillaris</strong></span> <span class='ocrx_word' id='word_1_312' title='bbox 885 2252 957 2287; x_wconf 90' lang='lat' dir='ltr'><strong>sive</strong></span> <span class='ocrx_word' id='word_1_313' title='bbox 979 2252 1130 2287; x_wconf 67' lang='lat' dir='ltr'><strong>inci-sivi</strong></span> <span class='ocrx_word' id='word_1_314' title='bbox 1151 2251 1235 2286; x_wconf 78' lang='lat' dir='ltr'><strong>ossis</strong></span> <span class='ocrx_word' id='word_1_315' title='bbox 1261 2263 1392 2300; x_wconf 85' lang='lat' dir='ltr'><strong>partes;</strong></span> <span class='ocrx_word' id='word_1_316' title='bbox 1420 2264 1569 2301; x_wconf 85' lang='lat' dir='ltr'><strong>quarum</strong></span> <span class='ocrx_word' id='word_1_317' title='bbox 1591 2268 1658 2289; x_wconf 88' lang='lat' dir='ltr'><strong>una</strong></span> <span class='ocrx_word' id='word_1_318' title='bbox 1682 2256 1742 2303; x_wconf 83' lang='lat' dir='ltr'><strong>(q)</strong></span> <span class='ocrx_word' id='word_1_319' title='bbox 1759 2254 1897 2304; x_wconf 77' lang='lat' dir='ltr'><strong>pridem</strong></span> <span class='ocrx_word' id='word_1_320' title='bbox 1921 2255 2204 2304; x_wconf 77' lang='lat' dir='ltr'><strong>supramaxillari</strong></span> <span class='ocrx_word' id='word_1_321' title='bbox 2223 2255 2440 2291; x_wconf 59' lang='lat' dir='ltr'><strong>adsoribebae</strong></span> 
     </span>
     <span class='ocr_line' id='line_1_29' title="bbox 409 2317 2441 2371; baseline 0.001 -16"><span class='ocrx_word' id='word_1_322' title='bbox 409 2332 477 2356; x_wconf 83' lang='lat' dir='ltr'><strong>tur.</strong></span> <span class='ocrx_word' id='word_1_323' title='bbox 530 2318 611 2359; x_wconf 90' lang='lat' dir='ltr'><strong>Quo</strong></span> <span class='ocrx_word' id='word_1_324' title='bbox 639 2330 723 2352; x_wconf 86' lang='lat' dir='ltr'><strong>vero</strong></span> <span class='ocrx_word' id='word_1_325' title='bbox 745 2330 837 2351; x_wconf 89' lang='lat' dir='ltr'><strong>nunc</strong></span> <span class='ocrx_word' id='word_1_326' title='bbox 864 2317 973 2364; x_wconf 79' lang='lat' dir='ltr'><strong>magis</strong></span> <span class='ocrx_word' id='word_1_327' title='bbox 997 2326 1155 2364; x_wconf 80' lang='lat' dir='ltr'><strong>congruo</strong></span> <span class='ocrx_word' id='word_1_328' title='bbox 1176 2318 1256 2353; x_wconf 89' lang='lat' dir='ltr'><strong>loco</strong></span> <span class='ocrx_word' id='word_1_329' title='bbox 1279 2321 1331 2366; x_wconf 78' lang='lat' dir='ltr'><strong>(p)</strong></span> <span class='ocrx_word' id='word_1_330' title='bbox 1359 2321 1520 2366; x_wconf 81' lang='lat' dir='ltr'><strong>cognito,</strong></span> <span class='ocrx_word' id='word_1_331' title='bbox 1558 2321 1901 2368; x_wconf 62' lang='lat' dir='ltr'><strong>quoniamiuterea,</strong></span> <span class='ocrx_word' id='word_1_332' title='bbox 1937 2322 1974 2356; x_wconf 83' lang='lat' dir='ltr'><strong>in</strong></span> <span class='ocrx_word' id='word_1_333' title='bbox 1998 2323 2142 2371; x_wconf 79' lang='lat' dir='ltr'><strong>glirium</strong></span> <span class='ocrx_word' id='word_1_334' title='bbox 2162 2324 2253 2368; x_wconf 81' lang='lat' dir='ltr'><strong>fetu,</strong></span> <span class='ocrx_word' id='word_1_335' title='bbox 2291 2336 2308 2357; x_wconf 83' lang='lat' dir='ltr'><strong>e</strong></span> <span class='ocrx_word' id='word_1_336' title='bbox 2334 2323 2441 2358; x_wconf 81' lang='lat' dir='ltr'><strong>ternis</strong></span> 
     </span>
     <span class='ocr_line' id='line_1_30' title="bbox 413 2383 2444 2437; baseline 0.001 -15"><span class='ocrx_word' id='word_1_337' title='bbox 413 2386 576 2433; x_wconf 84' lang='lat' dir='ltr'><strong>utrinque</strong></span> <span class='ocrx_word' id='word_1_338' title='bbox 602 2384 757 2433; x_wconf 87' lang='lat' dir='ltr'><strong>partibus</strong></span> <span class='ocrx_word' id='word_1_339' title='bbox 776 2383 961 2418; x_wconf 84' lang='lat' dir='ltr'><strong>incisivum</strong></span> <span class='ocrx_word' id='word_1_340' title='bbox 990 2383 1077 2418; x_wconf 88' lang='lat' dir='ltr'><strong>mihi</strong></span> <span class='ocrx_word' id='word_1_341' title='bbox 1101 2383 1224 2419; x_wconf 85' lang='lat' dir='ltr'><strong>videor</strong></span> <span class='ocrx_word' id='word_1_342' title='bbox 1253 2386 1440 2420; x_wconf 85' lang='lat' dir='ltr'><strong>conflatum</strong></span> <span class='ocrx_word' id='word_1_343' title='bbox 1462 2386 1606 2431; x_wconf 85' lang='lat' dir='ltr'><strong>vidisse,</strong></span> <span class='ocrx_word' id='word_1_344' title='bbox 1642 2388 1903 2423; x_wconf 77' lang='lat' dir='ltr'><strong>Omnemlmnc</strong></span> <span class='ocrx_word' id='word_1_345' title='bbox 1923 2390 2068 2423; x_wconf 75' lang='lat' dir='ltr'><strong>extremi</strong></span> <span class='ocrx_word' id='word_1_346' title='bbox 2088 2389 2209 2437; x_wconf 82' lang='lat' dir='ltr'><strong>capitis</strong></span> <span class='ocrx_word' id='word_1_347' title='bbox 2237 2399 2444 2437; x_wconf 75' lang='lat' dir='ltr'><strong>apparatum</strong></span> 
     </span>
     <span class='ocr_line' id='line_1_31' title="bbox 412 2449 2444 2503; baseline 0 -14"><span class='ocrx_word' id='word_1_348' title='bbox 412 2451 678 2489; x_wconf 80' lang='lat' dir='ltr'><strong>intermaxillari</strong></span> <span class='ocrx_word' id='word_1_349' title='bbox 699 2449 935 2485; x_wconf 79' lang='lat' dir='ltr'><strong>addicendum</strong></span> <span class='ocrx_word' id='word_1_350' title='bbox 955 2463 1026 2485; x_wconf 88' lang='lat' dir='ltr'><strong>esse</strong></span> <span class='ocrx_word' id='word_1_351' title='bbox 1049 2449 1194 2486; x_wconf 85' lang='lat' dir='ltr'><strong>credidi.</strong></span> <span class='ocrx_word' id='word_1_352' title='bbox 1246 2451 1379 2499; x_wconf 82' lang='lat' dir='ltr'><strong>Eique,</strong></span> <span class='ocrx_word' id='word_1_353' title='bbox 1406 2452 1530 2489; x_wconf 87' lang='lat' dir='ltr'><strong>sedulo</strong></span> <span class='ocrx_word' id='word_1_354' title='bbox 1553 2466 1689 2489; x_wconf 85' lang='lat' dir='ltr'><strong>mecum</strong></span> <span class='ocrx_word' id='word_1_355' title='bbox 1711 2465 1896 2503; x_wconf 64' lang='lat' dir='ltr'><strong>reputem,</strong></span> <span class='ocrx_word' id='word_1_356' title='bbox 1923 2456 2173 2497; x_wconf 81' lang='lat' dir='ltr'><strong>ruminantium</strong></span> <span class='ocrx_word' id='word_1_357' title='bbox 2192 2465 2310 2490; x_wconf 85' lang='lat' dir='ltr'><strong>torum</strong></span> <span class='ocrx_word' id='word_1_358' title='bbox 2331 2455 2444 2500; x_wconf 79' lang='lat' dir='ltr'><strong>illum,</strong></span> 
     </span>
     <span class='ocr_line' id='line_1_32' title="bbox 416 2517 2445 2573; baseline -0 -16"><span class='ocrx_word' id='word_1_359' title='bbox 416 2520 643 2557; x_wconf 84' lang='lat' dir='ltr'><strong>incisivorum</strong></span> <span class='ocrx_word' id='word_1_360' title='bbox 661 2517 791 2573; x_wconf 72' lang='lat' dir='ltr'><strong>ossium</strong></span> <span class='ocrx_word' id='word_1_361' title='bbox 811 2526 1007 2551; x_wconf 86' lang='lat' dir='ltr'><strong>extremum</strong></span> <span class='ocrx_word' id='word_1_362' title='bbox 1031 2517 1226 2563; x_wconf 80' lang='lat' dir='ltr'><strong>marginem</strong></span> <span class='ocrx_word' id='word_1_363' title='bbox 1243 2518 1465 2564; x_wconf 79' lang='lat' dir='ltr'><strong>vestientem,</strong></span> <span class='ocrx_word' id='word_1_364' title='bbox 1491 2520 1700 2568; x_wconf 81' lang='lat' dir='ltr'><strong>palpationis</strong></span> <span class='ocrx_word' id='word_1_365' title='bbox 1723 2521 1904 2568; x_wconf 85' lang='lat' dir='ltr'><strong>cujusdam</strong></span> <span class='ocrx_word' id='word_1_366' title='bbox 1927 2523 2145 2562; x_wconf 81' lang='lat' dir='ltr'><strong>functi-onem</strong></span> <span class='ocrx_word' id='word_1_367' title='bbox 2168 2535 2346 2566; x_wconf 74' lang='lat' dir='ltr'><strong>exserere,</strong></span> <span class='ocrx_word' id='word_1_368' title='bbox 2372 2535 2445 2556; x_wconf 85' lang='lat' dir='ltr'><strong>non</strong></span> 
     </span>
     <span class='ocr_line' id='line_1_33' title="bbox 415 2581 2445 2636; baseline -0 -13"><span class='ocrx_word' id='word_1_369' title='bbox 415 2589 546 2635; x_wconf 83' lang='lat' dir='ltr'><strong>absque</strong></span> <span class='ocrx_word' id='word_1_370' title='bbox 571 2585 682 2619; x_wconf 88' lang='lat' dir='ltr'><strong>multa</strong></span> <span class='ocrx_word' id='word_1_371' title='bbox 710 2593 824 2618; x_wconf 85' lang='lat' dir='ltr'><strong>tamen</strong></span> <span class='ocrx_word' id='word_1_372' title='bbox 847 2581 1094 2627; x_wconf 83' lang='lat' dir='ltr'><strong>haesitatione,</strong></span> <span class='ocrx_word' id='word_1_373' title='bbox 1131 2586 1284 2630; x_wconf 78' lang='lat' dir='ltr'><strong>quintae</strong></span> <span class='ocrx_word' id='word_1_374' title='bbox 1305 2585 1486 2630; x_wconf 80' lang='lat' dir='ltr'><strong>cujusdam</strong></span> <span class='ocrx_word' id='word_1_375' title='bbox 1516 2588 1625 2621; x_wconf 79' lang='lat' dir='ltr'><strong>cranii</strong></span> <span class='ocrx_word' id='word_1_376' title='bbox 1655 2589 1855 2633; x_wconf 80' lang='lat' dir='ltr'><strong>vertebrae,</strong></span> <span class='ocrx_word' id='word_1_377' title='bbox 1883 2592 2026 2636; x_wconf 79' lang='lat' dir='ltr'><strong>ejusque</strong></span> <span class='ocrx_word' id='word_1_378' title='bbox 2048 2590 2291 2636; x_wconf 77' lang='lat' dir='ltr'><strong>palpatoriae</strong></span> <span class='ocrx_word' id='word_1_379' title='bbox 2313 2588 2445 2636; x_wconf 82' lang='lat' dir='ltr'><strong>siguifi-</strong></span> 
     </span>
     <span class='ocr_line' id='line_1_34' title="bbox 415 2649 761 2697; baseline -0.023 -7"><span class='ocrx_word' id='word_1_380' title='bbox 415 2664 530 2690; x_wconf 86' lang='lat' dir='ltr'><strong>catum</strong></span> <span class='ocrx_word' id='word_1_381' title='bbox 554 2649 761 2697; x_wconf 82' lang='lat' dir='ltr'><strong>adjudicavi.</strong></span> 
     </span>
    </p>

    <p class='ocr_par' dir='ltr' id='par_1_11' title="bbox 407 2716 2444 2833">
     <span class='ocr_line' id='line_1_35' title="bbox 476 2716 2444 2764; baseline 0.002 -11"><span class='ocrx_word' id='word_1_382' title='bbox 476 2722 525 2753; x_wconf 74' lang='lat' dir='ltr'><strong>Ut</strong></span> <span class='ocrx_word' id='word_1_383' title='bbox 544 2720 661 2764; x_wconf 77' lang='lat' dir='ltr'><strong>igitur</strong></span> <span class='ocrx_word' id='word_1_384' title='bbox 689 2717 905 2749; x_wconf 75' lang='lat' dir='ltr'><strong>universam</strong></span> <span class='ocrx_word' id='word_1_385' title='bbox 932 2716 1069 2749; x_wconf 76' lang='lat' dir='ltr'><strong>ossium</strong></span> <span class='ocrx_word' id='word_1_386' title='bbox 1100 2718 1221 2751; x_wconf 83' lang='lat' dir='ltr'><strong>cranii</strong></span> <span class='ocrx_word' id='word_1_387' title='bbox 1250 2720 1383 2752; x_wconf 77' lang='lat' dir='ltr'><strong>seriem</strong></span> <span class='ocrx_word' id='word_1_388' title='bbox 1415 2732 1435 2753; x_wconf 85' lang='lat' dir='ltr'><strong>e</strong></span> <span class='ocrx_word' id='word_1_389' title='bbox 1456 2721 1619 2764; x_wconf 77' lang='lat' dir='ltr'><strong>quinque</strong></span> <span class='ocrx_word' id='word_1_390' title='bbox 1646 2720 1852 2761; x_wconf 78' lang='lat' dir='ltr'><strong>vertebris,</strong></span> <span class='ocrx_word' id='word_1_391' title='bbox 1877 2722 2016 2755; x_wconf 75' lang='lat' dir='ltr'><strong>scilicet</strong></span> <span class='ocrx_word' id='word_1_392' title='bbox 2040 2723 2193 2755; x_wconf 79' lang='lat' dir='ltr'><strong>totidem</strong></span> <span class='ocrx_word' id='word_1_393' title='bbox 2220 2734 2444 2756; x_wconf 74' lang='lat' dir='ltr'><strong>sensuam</strong></span> 
     </span>
     <span class='ocr_line' id='line_1_36' title="bbox 407 2782 2443 2833; baseline 0.001 -13"><span class='ocrx_word' id='word_1_394' title='bbox 407 2787 495 2832; x_wconf 78' lang='lat' dir='ltr'><strong>jul</strong></span> <span class='ocrx_word' id='word_1_395' title='bbox 506 2786 606 2819; x_wconf 75' lang='lat' dir='ltr'><strong>cris</strong></span> <span class='ocrx_word' id='word_1_396' title='bbox 634 2782 834 2825; x_wconf 81' lang='lat' dir='ltr'><strong>conflatam</strong></span> <span class='ocrx_word' id='word_1_397' title='bbox 857 2788 991 2827; x_wconf 80' lang='lat' dir='ltr'><strong>atque,</strong></span> <span class='ocrx_word' id='word_1_398' title='bbox 1019 2783 1106 2815; x_wconf 78' lang='lat' dir='ltr'><strong>inde</strong></span> <span class='ocrx_word' id='word_1_399' title='bbox 1132 2783 1179 2816; x_wconf 84' lang='lat' dir='ltr'><strong>ab</strong></span> <span class='ocrx_word' id='word_1_400' title='bbox 1201 2785 1368 2828; x_wconf 75' lang='lat' dir='ltr'><strong>occipitis</strong></span> <span class='ocrx_word' id='word_1_401' title='bbox 1389 2798 1469 2819; x_wconf 79' lang='lat' dir='ltr'><strong>oss-e</strong></span> <span class='ocrx_word' id='word_1_402' title='bbox 1491 2787 1651 2820; x_wconf 68' lang='lat' dir='ltr'><strong>inc&#39;isiva</strong></span> <span class='ocrx_word' id='word_1_403' title='bbox 1670 2798 1808 2832; x_wconf 78' lang='lat' dir='ltr'><strong>usque,</strong></span> <span class='ocrx_word' id='word_1_404' title='bbox 1836 2799 1982 2832; x_wconf 82' lang='lat' dir='ltr'><strong>organa</strong></span> <span class='ocrx_word' id='word_1_405' title='bbox 2009 2789 2183 2829; x_wconf 77' lang='lat' dir='ltr'><strong>auditus,</strong></span> <span class='ocrx_word' id='word_1_406' title='bbox 2206 2795 2362 2833; x_wconf 68' lang='lat' dir='ltr'><strong>gastae,</strong></span> <span class='ocrx_word' id='word_1_407' title='bbox 2390 2789 2443 2822; x_wconf 83' lang='grc' dir='ltr'><strong>υἰ-</strong></span> 
     </span>
    </p>
   </div>
   <div class='ocr_carea' id='block_1_4' title="bbox 421 2849 1659 2895">
    <p class='ocr_par' dir='ltr' id='par_1_12' title="bbox 421 2849 1659 2895">
     <span class='ocr_line' id='line_1_37' title="bbox 421 2849 1659 2895; baseline -0.001 -8"><span class='ocrx_word' id='word_1_408' title='bbox 421 2866 505 2894; x_wconf 77' lang='lat' dir='ltr'><strong>sus,</strong></span> <span class='ocrx_word' id='word_1_409' title='bbox 533 2852 713 2895; x_wconf 76' lang='lat' dir='ltr'><strong>olfactus,</strong></span> <span class='ocrx_word' id='word_1_410' title='bbox 742 2849 900 2893; x_wconf 75' lang='lat' dir='ltr'><strong>(lenique</strong></span> <span class='ocrx_word' id='word_1_411' title='bbox 931 2854 1053 2881; x_wconf 76' lang='lat' dir='ltr'><strong>tactas</strong></span> <span class='ocrx_word' id='word_1_412' title='bbox 1083 2849 1213 2882; x_wconf 79' lang='lat' dir='ltr'><strong>ordine</strong></span> <span class='ocrx_word' id='word_1_413' title='bbox 1241 2862 1422 2895; x_wconf 72' lang='lat' dir='ltr'><strong>suspensa</strong></span> <span class='ocrx_word' id='word_1_414' title='bbox 1443 2864 1523 2885; x_wconf 76' lang='lat' dir='ltr'><strong>esse</strong></span> <span class='ocrx_word' id='word_1_415' title='bbox 1546 2854 1659 2886; x_wconf 76' lang='lat' dir='ltr'><strong>dicas.</strong></span> 
     </span>
    </p>
   </div>
   <div class='ocr_carea' id='block_1_5' title="bbox 474 2912 2446 3029">
    <p class='ocr_par' dir='ltr' id='par_1_13' title="bbox 474 2912 2446 3029">
     <span class='ocr_line' id='line_1_38' title="bbox 474 2912 2446 2968; baseline 0.002 -16"><span class='ocrx_word' id='word_1_416' title='bbox 474 2917 572 2959; x_wconf 86' lang='lat' dir='ltr'><strong>Quae</strong></span> <span class='ocrx_word' id='word_1_417' title='bbox 595 2912 920 2963; x_wconf 85' lang='lat' dir='ltr'><strong>quomodocunque</strong></span> <span class='ocrx_word' id='word_1_418' title='bbox 941 2927 976 2948; x_wconf 87' lang='lat' dir='ltr'><strong>se</strong></span> <span class='ocrx_word' id='word_1_419' title='bbox 1000 2912 1171 2958; x_wconf 81' lang='lat' dir='ltr'><strong>habeant,</strong></span> <span class='ocrx_word' id='word_1_420' title='bbox 1209 2929 1241 2961; x_wconf 82' lang='lat' dir='ltr'><strong>q.</strong></span> <span class='ocrx_word' id='word_1_421' title='bbox 1260 2929 1358 2950; x_wconf 87' lang='lat' dir='ltr'><strong>ramo</strong></span> <span class='ocrx_word' id='word_1_422' title='bbox 1380 2920 1526 2959; x_wconf 69' lang='grc' dir='ltr'><strong>ηαεαίί,</strong></span> <span class='ocrx_word' id='word_1_423' title='bbox 1564 2928 1611 2964; x_wconf 75' lang='lat' dir='ltr'><strong>ql·</strong></span> <span class='ocrx_word' id='word_1_424' title='bbox 1629 2931 1726 2953; x_wconf 83' lang='lat' dir='ltr'><strong>ramo</strong></span> <span class='ocrx_word' id='word_1_425' title='bbox 1742 2920 1918 2965; x_wconf 79' lang='lat' dir='ltr'><strong>palatino</strong></span> <span class='ocrx_word' id='word_1_426' title='bbox 1950 2919 2274 2954; x_wconf 82' lang='lat' dir='ltr'><strong>intermaxillarium</strong></span> <span class='ocrx_word' id='word_1_427' title='bbox 2305 2933 2446 2968; x_wconf 80' lang='lat' dir='ltr'><strong>compa·</strong></span> 
     </span>
     <span class='ocr_line' id='line_1_39' title="bbox 534 2982 798 3029; baseline -0.015 -12"><span class='ocrx_word' id='word_1_428' title='bbox 534 2982 602 3017; x_wconf 88' lang='lat' dir='ltr'><strong>rari</strong></span> <span class='ocrx_word' id='word_1_429' title='bbox 623 2989 798 3029; x_wconf 85' lang='lat' dir='ltr'><strong>poterunt.</strong></span> 
     </span>
    </p>
   </div>
   <div class='ocr_carea' id='block_1_6' title="bbox 475 3048 2445 3163">
    <p class='ocr_par' dir='ltr' id='par_1_14' title="bbox 475 3048 2445 3163">
     <span class='ocr_line' id='line_1_40' title="bbox 475 3048 2445 3100; baseline 0.002 -16"><span class='ocrx_word' id='word_1_430' title='bbox 475 3060 522 3099; x_wconf 63' lang='grc' dir='ltr'><strong>ῳ-</strong></span> <span class='ocrx_word' id='word_1_431' title='bbox 542 3050 762 3091; x_wconf 74' lang='lat' dir='ltr'><strong>Inconstans,</strong></span> <span class='ocrx_word' id='word_1_432' title='bbox 801 3059 864 3081; x_wconf 86' lang='lat' dir='ltr'><strong>nec</strong></span> <span class='ocrx_word' id='word_1_433' title='bbox 890 3057 982 3082; x_wconf 85' lang='lat' dir='ltr'><strong>certa</strong></span> <span class='ocrx_word' id='word_1_434' title='bbox 1011 3048 1088 3095; x_wconf 81' lang='lat' dir='ltr'><strong>lege</strong></span> <span class='ocrx_word' id='word_1_435' title='bbox 1111 3048 1147 3082; x_wconf 88' lang='lat' dir='ltr'><strong>in</strong></span> <span class='ocrx_word' id='word_1_436' title='bbox 1171 3048 1246 3082; x_wconf 87' lang='lat' dir='ltr'><strong>aliis</strong></span> <span class='ocrx_word' id='word_1_437' title='bbox 1275 3048 1427 3096; x_wconf 86' lang='lat' dir='ltr'><strong>piscibus</strong></span> <span class='ocrx_word' id='word_1_438' title='bbox 1460 3049 1597 3084; x_wconf 84' lang='lat' dir='ltr'><strong>rediens</strong></span> <span class='ocrx_word' id='word_1_439' title='bbox 1625 3051 1816 3087; x_wconf 84' lang='lat' dir='ltr'><strong>ossiculum</strong></span> <span class='ocrx_word' id='word_1_440' title='bbox 1844 3052 1981 3100; x_wconf 86' lang='lat' dir='ltr'><strong>impar,</strong></span> <span class='ocrx_word' id='word_1_441' title='bbox 2007 3062 2126 3088; x_wconf 84' lang='lat' dir='ltr'><strong>utrum</strong></span> <span class='ocrx_word' id='word_1_442' title='bbox 2156 3055 2322 3099; x_wconf 72' lang='lat' dir='ltr'><strong>corporis</strong></span> <span class='ocrx_word' id='word_1_443' title='bbox 2343 3052 2445 3099; x_wconf 85' lang='lat' dir='ltr'><strong>hujus</strong></span> 
     </span>
     <span class='ocr_line' id='line_1_41' title="bbox 536 3111 1615 3163; baseline -0.001 -12"><span class='ocrx_word' id='word_1_444' title='bbox 536 3116 715 3152; x_wconf 79' lang='lat' dir='ltr'><strong>vertebrae</strong></span> <span class='ocrx_word' id='word_1_445' title='bbox 738 3111 938 3149; x_wconf 78' lang='lat' dir='ltr'><strong>rudimento</strong></span> <span class='ocrx_word' id='word_1_446' title='bbox 962 3115 1151 3162; x_wconf 84' lang='lat' dir='ltr'><strong>pertineat,</strong></span> <span class='ocrx_word' id='word_1_447' title='bbox 1180 3115 1217 3148; x_wconf 88' lang='lat' dir='ltr'><strong>in</strong></span> <span class='ocrx_word' id='word_1_448' title='bbox 1237 3114 1355 3149; x_wconf 91' lang='lat' dir='ltr'><strong>medio</strong></span> <span class='ocrx_word' id='word_1_449' title='bbox 1377 3116 1615 3163; x_wconf 86' lang='lat' dir='ltr'><strong>relinquimus.</strong></span> 
     </span>
    </p>
   </div>
   <div class='ocr_carea' id='block_1_7' title="bbox 376 3180 2448 3633">
    <p class='ocr_par' dir='ltr' id='par_1_15' title="bbox 376 3180 2448 3633">
     <span class='ocr_line' id='line_1_42' title="bbox 474 3180 2441 3232; baseline 0.001 -13"><span class='ocrx_word' id='word_1_450' title='bbox 474 3185 553 3219; x_wconf 88' lang='lat' dir='ltr'><strong>Jam</strong></span> <span class='ocrx_word' id='word_1_451' title='bbox 574 3195 656 3217; x_wconf 83' lang='lat' dir='ltr'><strong>vero</strong></span> <span class='ocrx_word' id='word_1_452' title='bbox 676 3193 718 3215; x_wconf 79' lang='lat' dir='ltr'><strong>ex</strong></span> <span class='ocrx_word' id='word_1_453' title='bbox 739 3180 871 3214; x_wconf 85' lang='lat' dir='ltr'><strong>ossibus</strong></span> <span class='ocrx_word' id='word_1_454' title='bbox 883 3181 981 3216; x_wconf 85' lang='lat' dir='ltr'><strong>faciei</strong></span> <span class='ocrx_word' id='word_1_455' title='bbox 1001 3182 1064 3215; x_wconf 87' lang='lat' dir='ltr'><strong>tria</strong></span> <span class='ocrx_word' id='word_1_456' title='bbox 1084 3181 1226 3228; x_wconf 84' lang='lat' dir='ltr'><strong>insuper</strong></span> <span class='ocrx_word' id='word_1_457' title='bbox 1245 3183 1288 3230; x_wconf 80' lang='lat' dir='ltr'><strong>(k.</strong></span> <span class='ocrx_word' id='word_1_458' title='bbox 1299 3184 1321 3216; x_wconf 88' lang='lat' dir='ltr'><strong>l.</strong></span> <span class='ocrx_word' id='word_1_459' title='bbox 1334 3182 1371 3229; x_wconf 82' lang='lat' dir='ltr'><strong>i.)</strong></span> <span class='ocrx_word' id='word_1_460' title='bbox 1392 3182 1652 3230; x_wconf 76' lang='lat' dir='ltr'><strong>interpretanda</strong></span> <span class='ocrx_word' id='word_1_461' title='bbox 1672 3194 1810 3230; x_wconf 82' lang='lat' dir='ltr'><strong>restant,</strong></span> <span class='ocrx_word' id='word_1_462' title='bbox 1829 3187 2049 3232; x_wconf 67' lang='lat' dir='ltr'><strong>quaejelgali</strong></span> <span class='ocrx_word' id='word_1_463' title='bbox 2062 3185 2130 3220; x_wconf 79' lang='lat' dir='ltr'><strong>ossi</strong></span> <span class='ocrx_word' id='word_1_464' title='bbox 2148 3184 2316 3220; x_wconf 76' lang='lat' dir='ltr'><strong>tradenda</strong></span> <span class='ocrx_word' id='word_1_465' title='bbox 2331 3197 2441 3231; x_wconf 86' lang='lat' dir='ltr'><strong>erunt,</strong></span> 
     </span>
     <span class='ocr_line' id='line_1_43' title="bbox 425 3246 1186 3297; baseline -0.004 -13"><span class='ocrx_word' id='word_1_466' title='bbox 425 3260 545 3297; x_wconf 84' lang='lat' dir='ltr'><strong>utpote</strong></span> <span class='ocrx_word' id='word_1_467' title='bbox 573 3249 608 3282; x_wconf 85' lang='lat' dir='ltr'><strong>iu</strong></span> <span class='ocrx_word' id='word_1_468' title='bbox 633 3247 713 3295; x_wconf 86' lang='lat' dir='ltr'><strong>ipsis</strong></span> <span class='ocrx_word' id='word_1_469' title='bbox 733 3246 821 3280; x_wconf 84' lang='lat' dir='ltr'><strong>adeo</strong></span> <span class='ocrx_word' id='word_1_470' title='bbox 852 3247 970 3282; x_wconf 87' lang='lat' dir='ltr'><strong>avibus</strong></span> <span class='ocrx_word' id='word_1_471' title='bbox 1001 3247 1186 3295; x_wconf 84' lang='lat' dir='ltr'><strong>tripertito.</strong></span> 
     </span>
     <span class='ocr_line' id='line_1_44' title="bbox 376 3315 916 3362; baseline -0.006 -11"><span class='ocrx_word' id='word_1_472' title='bbox 376 3320 407 3351; x_wconf 76' lang='lat' dir='ltr'><strong>lc.</strong></span> <span class='ocrx_word' id='word_1_473' title='bbox 434 3317 718 3362; x_wconf 69' lang='lat' dir='ltr'><strong>Zygomaticwn</strong></span> <span class='ocrx_word' id='word_1_474' title='bbox 739 3315 916 3348; x_wconf 77' lang='lat' dir='ltr'><strong>anterius.</strong></span> 
     </span>
     <span class='ocr_line' id='line_1_45' title="bbox 376 3380 910 3427; baseline -0.007 -10"><span class='ocrx_word' id='word_1_475' title='bbox 376 3385 400 3417; x_wconf 92' lang='lat' dir='ltr'><strong>l.</strong></span> <span class='ocrx_word' id='word_1_476' title='bbox 429 3383 710 3427; x_wconf 79' lang='lat' dir='ltr'><strong>Zygomalicum</strong></span> <span class='ocrx_word' id='word_1_477' title='bbox 737 3380 910 3414; x_wconf 77' lang='lat' dir='ltr'><strong>medium.</strong></span> 
     </span>
     <span class='ocr_line' id='line_1_46' title="bbox 382 3447 2445 3500; baseline 0.001 -16"><span class='ocrx_word' id='word_1_478' title='bbox 382 3451 405 3484; x_wconf 85' lang='lat' dir='ltr'><strong>i.</strong></span> <span class='ocrx_word' id='word_1_479' title='bbox 432 3449 715 3494; x_wconf 79' lang='lat' dir='ltr'><strong>Zygomaticum</strong></span> <span class='ocrx_word' id='word_1_480' title='bbox 731 3447 943 3492; x_wconf 74' lang='lat' dir='ltr'><strong>postet-ius;</strong></span> <span class='ocrx_word' id='word_1_481' title='bbox 975 3461 1048 3495; x_wconf 85' lang='lat' dir='ltr'><strong>quo</strong></span> <span class='ocrx_word' id='word_1_482' title='bbox 1073 3458 1175 3483; x_wconf 78' lang='lat' dir='ltr'><strong>sensu</strong></span> <span class='ocrx_word' id='word_1_483' title='bbox 1202 3447 1303 3483; x_wconf 85' lang='lat' dir='ltr'><strong>etiam</strong></span> <span class='ocrx_word' id='word_1_484' title='bbox 1328 3447 1423 3496; x_wconf 86' lang='lat' dir='ltr'><strong>apud</strong></span> <span class='ocrx_word' id='word_1_485' title='bbox 1449 3448 1513 3484; x_wconf 84' lang='lat' dir='ltr'><strong>cel.</strong></span> <span class='ocrx_word' id='word_1_486' title='bbox 1541 3452 1587 3485; x_wconf 82' lang='lat' dir='ltr'><strong>de</strong></span> <span class='ocrx_word' id='word_1_487' title='bbox 1607 3451 1812 3485; x_wconf 71' lang='lat' dir='ltr'><strong>Blainville</strong></span> <span class='ocrx_word' id='word_1_488' title='bbox 1839 3450 1979 3499; x_wconf 86' lang='lat' dir='ltr'><strong>(Bullet.</strong></span> <span class='ocrx_word' id='word_1_489' title='bbox 2002 3451 2174 3488; x_wconf 85' lang='lat' dir='ltr'><strong>d.scienc.</strong></span> <span class='ocrx_word' id='word_1_490' title='bbox 2201 3454 2318 3500; x_wconf 80' lang='lat'><strong>1817.)</strong></span> <span class='ocrx_word' id='word_1_491' title='bbox 2345 3453 2445 3488; x_wconf 83' lang='lat' dir='ltr'><strong>veuit.</strong></span> 
     </span>
     <span class='ocr_line' id='line_1_47' title="bbox 484 3512 1815 3564; baseline 0.003 -17"><span class='ocrx_word' id='word_1_492' title='bbox 484 3514 654 3559; x_wconf 83' lang='lat' dir='ltr'><strong>Reliqua,</strong></span> <span class='ocrx_word' id='word_1_493' title='bbox 680 3512 774 3546; x_wconf 84' lang='lat' dir='ltr'><strong>hisce</strong></span> <span class='ocrx_word' id='word_1_494' title='bbox 796 3525 966 3559; x_wconf 84' lang='lat' dir='ltr'><strong>appensa,</strong></span> <span class='ocrx_word' id='word_1_495' title='bbox 992 3517 1171 3549; x_wconf 81' lang='lat' dir='ltr'><strong>maxillae</strong></span> <span class='ocrx_word' id='word_1_496' title='bbox 1189 3517 1382 3560; x_wconf 67' lang='lat' dir='ltr'><strong>irgferioris</strong></span> <span class='ocrx_word' id='word_1_497' title='bbox 1404 3525 1503 3561; x_wconf 70' lang='lat' dir='ltr'><strong>sunt,</strong></span> <span class='ocrx_word' id='word_1_498' title='bbox 1529 3526 1632 3564; x_wconf 86' lang='lat' dir='ltr'><strong>atque</strong></span> <span class='ocrx_word' id='word_1_499' title='bbox 1654 3515 1815 3563; x_wconf 88' lang='lat' dir='ltr'><strong>quidem:</strong></span> 
     </span>
     <span class='ocr_line' id='line_1_48' title="bbox 381 3578 2448 3633; baseline 0.001 -18"><span class='ocrx_word' id='word_1_500' title='bbox 381 3582 428 3615; x_wconf 68' lang='lat'><strong>225·</strong></span> <span class='ocrx_word' id='word_1_501' title='bbox 451 3579 620 3627; x_wconf 79' lang='lat' dir='ltr'><strong>Operculi</strong></span> <span class='ocrx_word' id='word_1_502' title='bbox 648 3578 861 3613; x_wconf 84' lang='lat' dir='ltr'><strong>hrauchialis</strong></span> <span class='ocrx_word' id='word_1_503' title='bbox 886 3593 966 3626; x_wconf 88' lang='lat' dir='ltr'><strong>pars</strong></span> <span class='ocrx_word' id='word_1_504' title='bbox 991 3581 1128 3628; x_wconf 82' lang='lat' dir='ltr'><strong>potior,</strong></span> <span class='ocrx_word' id='word_1_505' title='bbox 1162 3583 1318 3626; x_wconf 80' lang='lat' dir='ltr'><strong>condylo</strong></span> <span class='ocrx_word' id='word_1_506' title='bbox 1339 3582 1500 3617; x_wconf 86' lang='lat' dir='ltr'><strong>maxillae</strong></span> <span class='ocrx_word' id='word_1_507' title='bbox 1519 3583 1694 3618; x_wconf 71' lang='lat' dir='ltr'><strong>inferioris</strong></span> <span class='ocrx_word' id='word_1_508' title='bbox 1717 3583 1939 3632; x_wconf 69' lang='lat' dir='ltr'><strong>respondem.</strong></span> <span class='ocrx_word' id='word_1_509' title='bbox 1975 3585 2030 3633; x_wconf 82' lang='lat' dir='ltr'><strong>(cf.</strong></span> <span class='ocrx_word' id='word_1_510' title='bbox 2049 3587 2253 3622; x_wconf 76' lang='lat' dir='ltr'><strong>Blainm&#39;lle</strong></span> <span class='ocrx_word' id='word_1_511' title='bbox 2274 3585 2295 3619; x_wconf 79' lang='lat' dir='ltr'><strong>l.</strong></span> <span class='ocrx_word' id='word_1_512' title='bbox 2311 3598 2364 3631; x_wconf 45' lang='grc' dir='ltr'><strong>(πὶ</strong></span> <span class='ocrx_word' id='word_1_513' title='bbox 2387 3596 2448 3618; x_wconf 85' lang='lat' dir='ltr'><strong>no·</strong></span> 
     </span>
    </p>
   </div>
   <div class='ocr_carea' id='block_1_8' title="bbox 431 3644 2084 3735">
    <p class='ocr_par' dir='ltr' id='par_1_16' title="bbox 431 3644 2084 3735">
     <span class='ocr_line' id='line_1_49' title="bbox 431 3644 1898 3700; baseline 0.003 -19"><span class='ocrx_word' id='word_1_514' title='bbox 431 3657 567 3692; x_wconf 67' lang='lat' dir='ltr'><strong>sti-aque</strong></span> <span class='ocrx_word' id='word_1_515' title='bbox 594 3644 637 3679; x_wconf 88' lang='lat' dir='ltr'><strong>de</strong></span> <span class='ocrx_word' id='word_1_516' title='bbox 662 3645 728 3679; x_wconf 85' lang='lat' dir='ltr'><strong>hac</strong></span> <span class='ocrx_word' id='word_1_517' title='bbox 755 3657 789 3680; x_wconf 85' lang='lat' dir='ltr'><strong>re</strong></span> <span class='ocrx_word' id='word_1_518' title='bbox 815 3645 966 3692; x_wconf 83' lang='lat' dir='ltr'><strong>cogitata</strong></span> <span class='ocrx_word' id='word_1_519' title='bbox 988 3647 1026 3682; x_wconf 84' lang='lat' dir='ltr'><strong>in</strong></span> <span class='ocrx_word' id='word_1_520' title='bbox 1047 3646 1139 3682; x_wconf 85' lang='lat' dir='ltr'><strong>Iside</strong></span> <span class='ocrx_word' id='word_1_521' title='bbox 1167 3649 1270 3682; x_wconf 86' lang='lat'><strong>1818.</strong></span> <span class='ocrx_word' id='word_1_522' title='bbox 1298 3662 1330 3695; x_wconf 87' lang='lat' dir='ltr'><strong>p.</strong></span> <span class='ocrx_word' id='word_1_523' title='bbox 1347 3649 1488 3696; x_wconf 82' lang='lat' dir='ltr'><strong>506.sq.</strong></span> <span class='ocrx_word' id='word_1_524' title='bbox 1518 3648 1698 3685; x_wconf 69' lang='lat' dir='ltr'><strong>Tab.VII.</strong></span> <span class='ocrx_word' id='word_1_525' title='bbox 1726 3650 1898 3700; x_wconf 73' lang='lat' dir='ltr'><strong>sign-50.)</strong></span> 
     </span>
     <span class='ocr_line' id='line_1_50' title="bbox 2008 3702 2084 3735; baseline 0 0"><span class='ocrx_word' id='word_1_526' title='bbox 2008 3702 2084 3735; x_wconf 64' lang='lat'><strong>44*</strong></span> 
     </span>
    </p>
   </div>
  </div>
 </body>
</html>
