2693 4077
315 344 389 386 160
758 357 1098 387 EXPLICATIO
1129 358 1243 385 TAB.
1266 359 1392 387 xxrx.
1434 361 1533 388 Fre.
1553 348 1639 402 174.
1664 348 1859 404 175.176.
1880 364 1966 405 177.

421 456 454 489 5.
469 456 501 489 4.
517 452 592 488 5.6.
631 451 790 492 Quatuor
810 449 941 485 abhinc
962 449 1048 484 ostia
1073 450 1246 496 bronchi,
1278 451 1420 487 alternis
1449 452 1616 488 lateribus
1644 453 1688 488 ad
1718 454 1864 491 totidem
1885 470 2038 493 recessus
2061 461 2209 506 majores
2235 460 2309 509 (III.
2323 460 2387 497 IV.

474 519 519 555 V.
531 518 606 565 VI.)
633 516 856 552 dehiscentia.

417 602 448 634 7.
476 587 652 621 Ultimum
682 582 854 628 bronchi,
888 582 1049 631 illudque
1083 584 1207 631 paullo
1234 586 1434 633 angustius,
1470 586 1617 632 ostium,
1644 587 1680 622 in
1701 601 1874 624 recessum
1897 592 2161 639 pneumaticum
2193 604 2388 632 extremum

475 651 581 700 (VII.)
609 649 778 684 desinens.

312 720 462 759 I-—VIL
492 719 659 753 Recessus
680 715 910 764 pneumatici,
935 729 996 751 seu
1022 717 1129 752 cellae
1157 718 1378 766 pulmouales
1398 719 1605 768 grandiores
1627 731 1780 769 septem,
1807 722 1851 758 ad
1874 724 2028 761 minores
2048 739 2200 762 recessus
2221 737 2254 763 et
2283 727 2391 763 cellu-

361 790 410 823 las
443 786 552 834 patuli
585 784 856 818 numerosiores

313 856 356 891 [a.
372 854 400 889 E
423 853 536 901 primo
553 864 690 886 recessu
719 849 762 885 ad
782 849 936 884 vicinum
957 850 1187 885 accessorium
1209 861 1330 899 patens
1353 853 1497 898 ostium,
1526 867 1587 901 per
1607 853 1704 901 quod
1727 865 1796 891 seta
1813 856 1979 893 traducta·

310 921 352 956 1b.
372 920 423 956 Ex
446 918 570 954 eodem
593 918 709 966 primo
729 929 864 952 recessu
888 915 932 952 ad
947 916 1132 952 finitimam
1148 917 1271 964 aliam,
1291 920 1516 955 accessor-iam
1537 921 1672 967 cellam,
1694 923 1813 970 priore
1832 925 1953 972 paullo
1973 925 2160 972 minorem,
2183 935 2300 976 aperta
2323 926 2391 972 via,
2427 966 2431 970 ,

361 1001 467 1036 quam
485 996 556 1021 seta
576 984 716 1020 indicat.

1072 1140 1416 1172 FIGURA
1491 1125 1602 1192 175.

413 1257 611 1293 Branchus
629 1255 822 1301 pulmonis
849 1254 994 1288 sinistri
1012 1266 1199 1295 seorsum,
1227 1255 1301 1288 situ
1319 1258 1582 1301 praecedentis
1599 1258 1763 1304 figurae.

1642 1362 1655 1373 o

312 1327 350 1363 E.
380 1324 555 1366 Trachea,
584 1335 694 1371 pro-pe
719 1320 925 1355 divisionem
949 1320 984 1354 in
1007 1320 1186 1355 bronchos
1205 1321 1317 1356 scissa.

310 1395 364 1430 E‘.
393 1389 578 1427 Brouchus
605 1389 725 1423 dexter
748 1397 936 1421 truncatus.
1093 1379 1098 1383 ¹

312 1460 598 1503 E'.1—-—7.a-c.
626 1451 812 1489 Bronchus
834 1453 978 1488 sinister.

419 1536 531 1568 1-7,
558 1522 655 1556 Ostia
674 1514 822 1555 broni-hi
845 1520 995 1562 alterna,
1022 1518 1114 1554 notis
1139 1521 1274 1566 figurae
1291 1521 1532 1568 praecedentis
1554 1521 1813 1570 respondentia.

416 1591 529 1626 E-a,
559 1588 690 1623 circuli
713 1586 928 1634 cartilaginei
948 1599 1090 1620 omnem
1115 1586 1315 1621 bronchum
1341 1588 1551 1633 ambientes3
1586 1589 1712 1637 passim
1735 1589 1809 1624 bini
1827 1591 2052 1626 confluentes.

415 1658 521 1694 a-b.
549 1654 802 1702 Cartilagineae
823 1661 936 1700 partes
957 1652 1187 1700 irregulares,
1213 1654 1432 1699 reticulares,
1458 1654 1609 1690 bronchi
1633 1656 1799 1704 parietem
1827 1657 2052 1705 sustinente53
2079 1657 2137 1693 vix
2158 1658 2293 1707 uspiam
2325 1659 2388 1694 cir·

476 1724 631 1765 culares3
659 1720 702 1758 ad
725 1720 893 1754 ostiorum
921 1719 1074 1753 confinia
1097 1719 1292 1755 solidiores.

419 1793 519 1827 b—c.
548 1787 800 1835 Cartilngineae
820 1785 1007 1834 particulae
1036 1787 1160 1820 sensim
1179 1797 1390 1832 attenuatae,
1418 1789 1701 1824 membranarum
1725 1796 1868 1824 naturae
1888 1790 1999 1838 magis
2025 1791 2206 1841 magisque
2225 1792 2391 1829 acceden-

476 1867 545 1904 tes,
573 1855 772 1891 reticulares
792 1863 927 1898 tamen,
955 1866 1018 1889 nec
1038 1851 1244 1901 rigidiorem
1271 1854 1425 1902 aliquam
1448 1865 1619 1890 texturam
1641 1869 1786 1903 prorsus
1811 1855 2037 1905 deponentes.

965 2008 992 2039 F
1026 2009 1043 2039 1
1077 2009 1107 2039 G
1141 2008 1173 2039 U
1208 2010 1236 2039 R
1271 2008 1298 2039 A
1375 1989 1692 2057 176.(17ss*.)

420 2126 616 2162 Particula
637 2139 657 2159 e
663 2125 856 2171 pulmonis
875 2122 1069 2168 superficie
1088 2123 1211 2156 excisa
1221 2136 1234 2165 ,·
1261 2125 1521 2168 magnitudine
1541 2126 1718 2159 diametri
1736 2126 1854 2159 sexies
1873 2132 2008 2169 aucta5
2045 2134 2123 2161 rete
2152 2130 2389 2163 vasculosum

364 2201 447 2229 arte
467 2194 660 2239 impletum
683 2193 900 2231 ostendens,
929 2191 1070 2235 duplici
1089 2202 1263 2223 vasorum
1286 2192 1590 2235 sauguijerorum
1610 2193 1740 2227 ordine
1759 2198 1997 2227 exstructum.
2027 2193 2265 2241 (Naturalem
2292 2197 2388 2239 ejus-

365 2264 448 2295 dem
471 2260 687 2306 particulae
714 2258 1012 2304 magnitudinem
1038 2257 1181 2290 indicat
1212 2256 1326 2303 176*.)
1782 2254 1784 2258 ⁴

318 2341 479 2366 ι.α.α.α.
503 2326 682 2360 Arteriae
703 2322 918 2372 pulmonalis
938 2322 1038 2366 rami,
1067 2322 1213 2367 ramuli,
1239 2323 1370 2358 surculi
1402 2333 1435 2358 et
1464 2331 1543 2358 rete
1568 2324 1746 2359 arteriolas
1772 2325 1863 2361 inter
1890 2336 1924 2362 et
1952 2339 2055 2362 venas
2082 2326 2256 2373 medium,
2283 2329 2391 2377 (quod

365 2393 604 2440 capillariam
632 2404 809 2426 vasorum
831 2403 901 2425 esse
924 2388 1075 2436 dicunt3)
1103 2389 1309 2424 cellularum
1337 2391 1593 2438 pulmonalium
1618 2391 1750 2426 areolas
1768 2402 1898 2427 tenens.

414 2478 532 2498 α.α,α.
558 2459 628 2494 Ubi
658 2458 775 2493 omnia
802 2457 999 2492 areolarum
1020 2468 1120 2501 vasa,
1155 2455 1199 2490 ad
1218 2456 1382 2492 ultimum
1404 2458 1590 2493 reticulum
1615 2471 1744 2505 usque,
1771 2462 1920 2502 eodem,
1948 2472 2012 2508 per
2033 2462 2198 2508 arterias
2215 2462 2390 2497 transmis-

477 2539 532 2570 so,
560 2526 741 2573 pigmento
762 2533 912 2570 turgent.

313 2607 373 2629 aa.
384 2611 412 2641 y.
423 2611 453 2639 γ.
466 2599 494 2628 ὃ.
507 2610 530 2628 ε.
557 2593 687 2625 Venae
708 2590 918 2637 pulmonalis
938 2589 1025 2623 rami
1047 2597 1079 2622 et
1099 2588 1241 2622 surculi.

418 2677 488 2706 7-2‘·
513 2656 586 2692 Ubi
605 2657 843 2704 pigmentum,
871 2656 973 2688 venis
995 2654 1180 2700 injectum,
1206 2655 1403 2690 areolarum
1432 2655 1540 2690 trium
1564 2655 1648 2690 retia
1667 2657 1843 2692 vasculosa
1874 2669 1941 2691 suo
1971 2660 2093 2692 colore
2118 2657 2236 2703 tinxit,
2275 2672 2388 2707 neque

481 2724 681 2772 pigmento,
707 2722 912 2756 arteriarum
932 2721 985 2755 via
1011 2720 1225 2765 advenienti,
1252 2721 1391 2765 locum,
1417 2735 1489 2769 quo
1513 2722 1751 2770 exciperetur,
1779 2723 1931 2771 reliquit.

420 2799 450 2829 δ.
474 2791 546 2826 Ubi
566 2789 728 2825 venulam
747 2789 837 2823 inter
856 2797 890 2822 et
912 2787 1074 2822 arteriam
1096 2790 1345 2822 anastomosis
1371 2787 1564 2823 intercedit.

423 2876 447 2896 ε,
471 2857 643 2892 Remulus
665 2868 812 2890 venosus
830 2855 866 2889 in
887 2854 1072 2901 superficie
1092 2867 1227 2888 summa
1251 2853 1394 2897 ludens,
1421 2855 1554 2890 ultimis
1574 2855 1718 2891 demum
1741 2856 1904 2891 extremis
1929 2856 1965 2891 in
1994 2854 2067 2892 rete
2088 2857 2305 2894 vasculosum
2328 2858 2387 2895 de-

482 2925 617 2967 missis3
645 2922 893 2967 conjunctione
912 2930 1028 2955 tamen
1046 2920 1142 2967 prius
1162 2921 1249 2954 facta
1266 2934 1346 2955 cum
1366 2921 1482 2955 vicino
1499 2923 1698 2957 ramusculo
1714 2935 1855 2958 venoso.

312 3000 347 3041 -β,
361 2999 393 3040 β,
428 2990 497 3025 Ubi
520 3000 591 3024 rete
611 2989 828 3023 vasculosum
851 2988 1014 3022 binarum
1034 2987 1233 3021 areolarum
1254 3000 1296 3021 ex
1323 2987 1430 3022 altera
1459 2997 1556 3035 parte
1586 2989 1804 3036 pigmentum
1839 3002 1900 3037 per
1920 2992 2085 3025 arteriae
2105 3003 2220 3024 ramos
2240 2993 2388 3027 transfu-

367 3072 464 3102 sum,
492 3069 533 3091 ex
555 3057 660 3091 altera
685 3067 767 3089 vero
796 3052 967 3089 diversam
986 3054 1165 3088 materiam
1192 3068 1211 3088 a
1231 3055 1334 3088 venis
1355 3053 1540 3089 adductam
1564 3056 1714 3103 excepit,
1741 3055 1788 3090 ita
1810 3065 1847 3089 ut
1869 3056 2003 3093 mediae
2024 3057 2087 3092 hae
2109 3069 2205 3094 areae
2231 3060 2387 3093 mixtum

370 3139 410 3160 ex
435 3134 584 3171 utroque
615 3123 796 3172 pigmento
823 3121 988 3157 traxerint
1010 3120 1351 3169 colorem—utpote
1381 3123 1463 3168 ipso
1485 3124 1640 3157 reticulo
1667 3123 1766 3157 inter
1794 3130 1992 3171 utrumque
2022 3136 2198 3158 vasorum
2226 3131 2389 3168 systema

369 3193 562 3228 communi.

1108 3342 1415 3375 FIGURA
1492 3345 1601 3393 177·

398 3451 568 3493 '‘Jecur
593 3461 726 3506 supino
750 3460 824 3493 sita
849 3459 896 3493 ab
925 3458 1126 3504 inferiore;
1153 3459 1330 3504 appensis
1350 3459 1568 3502 peritonaei
1589 3456 1762 3498 finitimis
1777 3459 1977 3504 partibus,
1999 3458 2239 3504 pericarclio,
2267 3463 2386 3496 vasis-

374 3539 443 3572 que
466 3528 662 3560 nonnullis.

431 3593 646 3626 Peritonaei
661 3594 791 3637 paries
811 3592 984 3633 exterior,
1012 3605 1036 3625 a
1054 3591 1229 3626 musculis
1248 3590 1546 3626 abdominalibus
1556 3592 1738 3636 propior,
1765 3591 1887 3638 (quem
1908 3591 1998 3626 Tab.
2014 3593 2102 3626 XV.
2116 3593 2189 3639 fig.
2203 3594 2261 3626 65.
2275 3603 2311 3631 Γ.
2333 3593 2387 3626 in-

373 3665 519 3705 tegrum
540 3659 775 3706 monstravit)
801 3660 941 3693 recisas
959 3664 1032 3700 est,
1060 3664 1101 3692 ut
1118 3658 1259 3691 nudum
1277 3664 1494 3703 compareat
1500 3660 1626 3702 jecur.
1679 3659 1939 3694 Pericardium
1962 3666 2144 3705 apertum.
2174 3660 2249 3693 Cor
2267 3671 2387 3693 exem-
