2693 4077
414 478 929 536 EXPLICATIO
976 478 1361 532 TABULAE
1397 478 1850 533 VICESIMAE
1887 480 2275 546 QUINTAE.

900 613 1331 648 VENARUM
1376 614 1794 649 SYSTEMA.

1079 768 1421 801 FIGURA
1498 751 1607 802 124.

303 863 372 929 V
365 901 389 924 E
397 899 487 923 NAE
506 888 620 922 totius
633 885 800 930 corporis
819 884 857 916 itz
870 884 1041 928 syntaxi,
1070 890 1350 928 superstructae
1369 885 1490 918 eidem
1511 884 1681 918 Tabulae
1694 886 1958 930 praecedentis
1963 886 2230 930 fundamento.
2262 889 2386 932 Quod,

304 958 480 1004 quoniam
508 954 559 988 ihi
591 953 686 986 satis
712 963 899 997 superque
929 950 1164 984 elaboratam
1192 957 1265 992 est,
1303 953 1480 986 extremis
1513 952 1574 985 lzic
1595 953 1703 985 lineis
1735 953 1966 987 solummodo
1985 957 2290 997 retractandum,
2319 970 2385 991 nec

304 1026 410 1070 siglis
440 1023 672 1056 onerandum
693 1020 821 1063 fuisse
850 1017 1077 1051 arbitrabar.
1137 1018 1310 1052 Ceterum
1342 1020 1513 1064 ipsarum
1536 1031 1718 1052 venarum
1739 1020 2003 1053 minutioribus
2033 1021 2153 1065 iisque
2176 1024 2385 1067 copiosissi-

310 1092 382 1125 mis
418 1089 577 1122 surculis
606 1087 802 1131 neglect'iS,
825 1086 995 1132 potiores
1014 1098 1142 1118 ramos
1157 1086 1256 1124 ,solos
1278 1092 1407 1130 utpote
1427 1088 1482 1119 (cd
1498 1092 1668 1119 nostrum
1686 1088 1923 1131 propositum
1940 1087 2181 1131 sufficientes,
2209 1090 2385 1123 indicavi.

301 1157 364 1190 Ita
393 1157 506 1190 etiam
527 1161 698 1188 mutuum
722 1165 902 1186 venarum
922 1153 1048 1197 major
1050 1165 1112 1185 um
1131 1159 1167 1185 et
1188 1154 1419 1186 arteriarum
1436 1154 1569 1194 situm,
1598 1154 1705 1196 cujus
1727 1154 1827 1187 ratio
1850 1154 2027 1189 habenda
2049 1157 2122 1189 erit
2145 1154 2231 1190 Tab.
2246 1155 2386 1191 XXIX.

307 1224 391 1270 figg
411 1221 722 1264 160—162‚lzoc
740 1220 839 1259 loco,
863 1220 1151 1263 perspicuitatis
1173 1232 1309 1261 caasa,
1336 1220 1496 1266 neglexi.

302 1288 344 1322 A
360 1288 397 1322 B.
426 1287 553 1323 Cordis
572 1285 787 1321 ventriculus
807 1294 841 1318 et
863 1284 1018 1318 amicula
1039 1283 1186 1319 sinistra.

301 1356 348 1389 B.
361 1357 407 1389 L.
435 1355 547 1389 Aorta
570 1353 707 1387 sinistra
730 1361 762 1386 et
783 1361 880 1386 aorta
902 1349 1126 1385 descendens.

304 1435 337 1455 a.
366 1421 465 1456 Vena
490 1434 587 1455 cava
608 1422 781 1466 superior
803 1421 979 1460 sinistra,
1007 1418 1043 1452 in
1065 1417 1180 1452 sinum
1200 1430 1372 1453 venosum
1389 1430 1616 1454 communem
1639 1417 1818 1465 incidens3
1845 1433 2017 1468 quorsum
2035 1431 2068 1456 et
2084 1433 2191 1457 venae
2208 1421 2387 1471 hepaticae

353 1488 421 1535 (y.)
444 1489 637 1522 confluunt.
666 1487 720 1534 (cf.
741 1485 828 1521 Tab.
841 1484 981 1519 XXIX.
1006 1486 1065 1533 fig.
1085 1485 1162 1518 161.
1176 1486 1220 1532 ὗ.)

407 1554 487 1602 Ipsa
507 1567 590 1588 vero
612 1566 699 1588 vena
720 1566 820 1596 cava,
846 1553 874 1587 si
894 1567 912 1587 a
927 1553 1052 1597 latere,
1078 1564 1120 1587 eo
1139 1565 1210 1598 quo
1231 1550 1296 1587 hac
1316 1554 1431 1600 figura
1449 1553 1543 1588 venit
1560 1553 1629 1588 situ
1647 1553 1846 1602 inspicitur,
1873 1553 1999 1590 ordine
2019 1565 2165 1591 asterno
2185 1566 2389 1604 assurgente

350 1620 453 1655 hasce
486 1632 589 1654 venas
622 1619 767 1666 excipit:
810 1620 1033 1664 Thymioam
1070 1619 1227 1667 primum
1255 1619 1318 1666 (cl.)
1352 1620 1454 1667 eique
1475 1621 1673 1667 proximam
1693 1623 1949 1666 pectoralem;
1977 1623 2031 1671 (c)
2052 1621 2180 1673 den-inde
2205 1624 2385 1668 oesopha-

345 1701 460 1734 geam
473 1713 483 1729 ,
510 1686 569 1732 (f.)
591 1696 666 1720 tum
689 1685 954 1728 vertebralem,
983 1686 1039 1734 (e.)
1060 1695 1178 1733 postea
1197 1686 1450 1729 szcbclaviam,
1478 1688 1538 1736 (g.)
1560 1700 1578 1722 e
1597 1688 1748 1735 jugulari
1772 1688 1843 1737 (ik.)
1864 1699 1897 1724 et
1916 1688 2085 1724 brachiali
2098 1690 2158 1738 (li.)
2181 1692 2384 1735 conflata1n;

348 1764 569 1802 postremum
597 1754 979 1800 cliaplzragmatieam.

302 1822 332 1856 b.
345 1822 390 1855 bs·
407 1822 452 1855 b2·
469 1821 519 1854 ist.
547 1820 648 1854 Vena
670 1821 1004 1865 diaplzragmatica
1025 1828 1059 1854 et
1078 1818 1258 1855 cervicalis
1279 1820 1412 1855 ultima.
1450 1822 1498 1855 bs·
1523 1821 1671 1861 Subtilis
1693 1835 1814 1858 ramus
1832 1835 1852 1857 e
1865 1821 2143 1871 diaphragmate.
2166 1824 2293 1872 (Musc.
2306 1825 2384 1874 42'.)

352 1887 398 1921 b2·
424 1886 524 1921 Vena
546 1886 723 1920 cervicalis
746 1885 868 1919 ultima
890 1898 908 1919 e
927 1898 1034 1933 specu
1054 1886 1314 1929 vertebrarum,
1342 1899 1404 1933 per
1422 1887 1582 1922 foramen
1602 1888 1772 1923 cervicale
1793 1902 1928 1922 nonum
1946 1891 2099 1934 trajecta.
2138 1891 2191 1925 b*.
2223 1891 2293 1925 Ubi
2313 1905 2386 1925 cer-

350 1953 468 1987 vicalis
503 1953 628 1986 ultima
649 1965 757 1986 venae
781 1952 999 1995 claviculari,
1027 1951 1112 1999 (72⁶3)
1141 1950 1184 1984 ad
1206 1951 1423 1987 brachialem
1447 1963 1627 1988 externam
1648 1953 1805 1989 tendenti
1825 1964 2086 1991 anastomoseos
2108 1968 2178 2004 ope
2197 1959 2382 2006 conjungi-

352 2029 421 2053 tur.
478 2020 507 2052 b.
537 2018 702 2052 Truncus
725 2031 832 2052 venae
853 2017 1193 2065 diaphragmaticae,
1222 2017 1257 2051 in
1279 2031 1404 2052 venam
1425 2032 1544 2053 cavam
1562 2021 1784 2068 superiorem
1806 2020 1975 2056 incidens.

302 2099 330 2120 c.
358 2086 459 2120 Vena
488 2087 716 2131 pectoralis,
754 2083 838 2119 inde
863 2099 881 2118 a
900 2094 1042 2132 pectore
1065 2094 1098 2119 et
1119 2084 1260 2118 humeri
1284 2085 1451 2128 articulo,
1478 2087 1657 2134 scapulam
1676 2087 1768 2121 inter
1790 2097 1823 2122 et
1843 2088 2032 2124 claviculae
2053 2102 2192 2125 ramum
2217 2089 2383 2126 horizon-

357 2152 480 2196 talem,
507 2165 710 2199 assurgens,
737 2165 805 2186 una
826 2165 905 2186 cum
929 2151 1101 2200 thynum,
1128 2152 1183 2186 vel
1204 2164 1318 2199 prope
1341 2166 1435 2196 eam,
1462 2153 1498 2187 in
1520 2166 1643 2189 venam
1664 2168 1784 2190 cavam
1803 2155 1997 2191 incurrens.

406 2219 504 2253 Haec
526 2233 606 2253 cum
628 2231 726 2253 ramo
750 2219 919 2265 pectorali
940 2231 1047 2253 venae
1067 2218 1277 2252 umbilicalis
1295 2220 1377 2266 (³33.)
1398 2222 1636 2256 anastomosin
1658 2222 1729 2257 alit.

312 2289 345 2320 cl.
371 2285 474 2319 Vena
497 2287 687 2329 tleymica5
715 2297 733 2317 a
757 2283 894 2332 thymo.
922 2284 1110 2331 (Apertior
1131 2283 1218 2318 Tab.
1233 2284 1372 2319 XXIX.
1394 2287 1455 2333 fig.
1472 2287 1564 2334 150.)

305 2366 333 2385 e.
351 2360 394 2385 el·
410 2361 454 2385 e2·
473 2360 517 2384 e)-
553 2350 653 2384 Vena
685 2350 905 2384 vertebralis
936 2352 1150 2385 commanis.
1209 2360 1254 2385 e2·
1274 2359 1321 2385 e2·
1346 2351 1449 2387 Rami
1489 2366 1507 2388 e
1538 2367 1644 2402 specu
1677 2355 1864 2390 vertebrali
1901 2369 1965 2403 per
1996 2358 2170 2393 foramina
2202 2360 2384 2395 cervicalia

351 2417 433 2452 inde
468 2419 510 2452 ab
544 2426 667 2451 octavo
702 2416 925 2461 tertiotenus,
962 2417 1186 2465 emergentia.
1240 2417 1281 2452 In
1300 2418 1376 2466 ipso
1405 2432 1513 2466 specu
1534 2421 1626 2456 circa
1647 2421 1841 2457 medullam
1862 2422 2022 2457 ludentes
2044 2436 2149 2459 venas
2170 2428 2385 2462 vertebrales

355 2484 399 2519 ad
428 2485 543 2518 sinum
576 2483 794 2531 occipitalem
825 2496 935 2531 usque
964 2483 1168 2531 productas,
1206 2488 1276 2531 jam
1295 2499 1418 2532 supra,
1455 2486 1558 2534 (Tab.
1570 2486 1671 2521 XXI.
1703 2489 1762 2536 fig.
1778 2490 1835 2534 95.
1868 2490 1961 2523 ὀ.ε3·
1983 2491 2049 2537 e3·)
2087 2490 2256 2526 indicatas
2290 2493 2380 2528 vide.

354 2560 397 2585 eff·
428 2549 560 2584 Ramus
591 2565 607 2584 a
631 2550 791 2585 musculo
823 2550 1023 2585 retrahente
1045 2552 1165 2599 capitis
1188 2552 1344 2599 collique
1365 2551 1491 2599 (Musc.
1510 2554 1579 2600 27.)
1632 2568 1661 2588 e.
1690 2554 1854 2589 Truncus
1873 2567 1980 2590 venae
2000 2549 2205 2592 ver'tebralis
2227 2560 2379 2607 (praeter

353 2617 525 2651 indicatos
552 2617 707 2651 ramulos
736 2617 879 2665 iusuper
909 2630 1035 2653 venam
1052 2617 1281 2662 trachealem‚
1308 2629 1424 2654 nostra
1448 2620 1561 2667 figura
1584 2621 1777 2669 neglectam
1806 2622 1995 2670 excipiens)
2021 2635 2139 2659 cavam
2166 2627 2382 2673 superiorem

357 2684 573 2730 conjunctim
595 2697 675 2717 cum
696 2696 782 2717 vena
804 2682 1026 2732 oesophagea
1046 2685 1108 2732 (f.)
1129 2685 1184 2719 vel
1204 2686 1248 2720 ab
1272 2699 1311 2720 ea
1330 2687 1492 2733 proxime
1510 2686 1592 2721 adit.

299 2752 501 2795 fiff‘ff'ss
530 2749 629 2784 Vena
655 2751 901 2796 oesophagea.
936 2752 1051 2796 f'.f'.
1079 2751 1211 2786 Ramus
1233 2751 1429 2796 trachealis,
1457 2767 1474 2786 a
1495 2767 1631 2788 summa
1652 2753 1794 2788 trachea
1813 2754 2000 2799 oriundus,
2029 2759 2122 2801 juxta
2143 2771 2220 2793 eam
2241 2759 2382 2796 descen-

353 2816 448 2850 dens.
489 2818 569 2861 ff
597 2816 728 2850 Ramus
761 2816 1007 2865 oesophageus
1035 2818 1229 2865 legitimus,
1265 2819 1463 2853 numerosis
1493 2820 1642 2854 surculis
1669 2833 1711 2855 ex
1733 2821 1931 2870 oesophagi.
1952 2823 2135 2870 superiore
2154 2834 2189 2859 et
2212 2825 2377 2864 inferiore

355 2893 453 2931 parte
476 2883 683 2917 coeuntibus
706 2885 891 2928 conflatus,
920 2885 1032 2932 priori
1051 2885 1123 2920 imo
1143 2885 1238 2920 collo
1260 2888 1406 2932 junctus.

304 2964 341 2997 g.
371 2951 482 2985 Vena
510 2951 721 2991 sabelavia,
758 2963 776 2984 e
804 2964 891 2986 vena
924 2952 1094 2988 brachiali
1123 2952 1184 3001 (lz.)
1215 2962 1248 2988 et
1278 2952 1431 3000 jugulari
1454 2953 1530 3002 (ik.)
1552 2954 1725 3003 copulatis
1752 2956 1955 3004 composita.
2010 2957 2113 3000 Quae
2133 2958 2251 3007 origo,
2278 2961 2382 2997 clavi—

359 3017 436 3051 cula
460 3026 559 3060 tecta,
580 3016 717 3065 punctis
736 3016 920 3054 indicatur.

305 3085 432 3119 lz—lzss-
449 3085 504 3119 m.
533 3084 654 3119 Venae
676 3084 878 3120 brachiolis
896 3086 931 3121 in
953 3086 1164 3122 subclaviam
1190 3086 1390 3132 incidentis,
1417 3087 1515 3122 rami.

410 3153 455 3185 li‘.
482 3152 576 3185 Rete
618 3152 795 3186 venosum
833 3154 1057 3190 membranae
1098 3153 1305 3199 natatoriae,
1350 3167 1431 3189 cum
1464 3153 1632 3190 arterioso
1664 3156 1728 3191 reti
1755 3155 1854 3205 (Tab.
1873 3156 2013 3193 XXIV.
2035 3159 2095 3206 fig.
2117 3173 2195 3207 119.
2218 3172 2289 3198 not.
2308 3164 2379 3212 57.)

467 3219 668 3260 conflueus3
697 3217 733 3250 in
756 3229 857 3253 venas
879 3219 1090 3268 digitorum,
1117 3220 1163 3255 ad
1185 3234 1305 3256 arcum
1357 3219 1532 3256 don-salem
1555 3235 1677 3256 manus
1698 3221 1879 3268 ducentes,
1906 3223 2041 3259 desinit.

409 3284 460 3317 722·
482 3284 605 3318 Arcas
625 3297 783 3318 venosus
801 3287 903 3321 dors-i
921 3301 1074 3329 malms,
1102 3297 1298 3322 extrorsum
1320 3287 1358 3322 in
1374 3300 1498 3322 venam
1514 3287 1690 3323 dorsalem
1708 3302 1829 3323 manus
1845 3299 1879 3324 et
1896 3291 2120 3338 antibrachii,
2147 3294 2228 3343 (lz3·)
2247 3295 2376 3332 intror.

474 3363 550 3385 sum
569 3351 605 3385 in
629 3363 751 3385 venam
772 3351 984 3389 brachialem
1003 3354 1176 3389 internam
1200 3355 1285 3402 (724)
1305 3353 1478 3390 derivans.
1505 3376 1510 3382 ·
1533 3355 1632 3398 Quae
1654 3356 1707 3389 via
1729 3357 1886 3403 punctim
1909 3357 2056 3393 indicata
2078 3369 2137 3394 est.

408 3416 458 3450 723·
485 3416 586 3451 Vena
607 3418 769 3452 dorsalis
783 3431 918 3454 manus
939 3431 973 3456 et
991 3421 1243 3464 antihrachii;
1269 3433 1311 3455 ex
1336 3434 1419 3456 arcu
1441 3420 1568 3456 dorsali
1591 3434 1720 3456 venoso
1741 3435 1862 3458 manus
1885 3424 2052 3470 oriunda,
2078 3426 2168 3461 latus
2192 3439 2376 3465 externum

473 3482 575 3518 ulnae
596 3493 630 3518 et
649 3483 785 3519 brachii
807 3498 944 3522 sursum
967 3488 1070 3535 legit,
1098 3497 1202 3535 atque
1224 3489 1320 3533 juxta
1341 3489 1443 3524 tuber
1465 3488 1600 3524 brachii
1624 3500 1747 3524 venam
1768 3490 1983 3527 brachialem
2011 3502 2190 3530 externam
2213 3498 2299 3544 (ll-2)
2318 3510 2377 3545 pe-

473 3548 522 3583 tit.
575 3549 703 3585 Eundo
727 3552 885 3588 surculos
904 3564 1069 3590 cutaneos
1091 3554 1221 3589 multos
1241 3554 1374 3603 accipit.

411 3615 527 3649 lvi-714-
552 3614 653 3651 Vena
683 3617 888 3655 brachialis
912 3623 1072 3657 interna.
1125 3620 1177 3655 Ex
1208 3634 1293 3655 arcu
1312 3620 1442 3657 dorsali
1464 3636 1586 3658 manus
1605 3634 1753 3667 νουοεο,
1780 3623 1972 3662 introrsum
1998 3628 2088 3663 eirca
2110 3627 2248 3663 radium
2268 3630 2378 3664 couti-

474 3691 596 3728 nuato,
631 3692 749 3719 ortum
768 3683 883 3721 trahit.
935 3687 1052 3735 Mox„
1068 3687 1164 3737 carpi
1185 3688 1254 3724 iam
1272 3689 1374 3735 loco,
1399 3702 1534 3728 ramum
1556 3691 1716 3728 volarem·
1732 3705 1856 3728 manus
1873 3694 2032 3741 suscipit,
2059 3696 2237 3742 (latentem
2261 3705 2378 3731 nostra

1929 3755 1973 3776 ορ
