2693 4077
918 359 1255 389 EXPLICATIO
1286 359 1400 386 TAB.
1425 359 1551 389 XXIX.
1582 360 1684 386 Fre.
1716 360 1804 400 177.
2326 350 2400 391 161

382 466 462 495 tam
474 485 485 501 ,
512 459 651 493 relictis
671 458 711 491 in
730 457 817 490 sede
840 455 925 488 sitm
944 465 1079 488 venoso
1104 454 1309 495 communi,
1337 452 1384 487 ab
1405 454 1505 487 atrio
1525 455 1649 488 cordis
1674 455 1806 488 dextro
1832 452 1998 488 abscisso
2025 459 2065 488 et
2096 456 2324 490 arteriarmn
2338 457 2404 501 fa-

378 527 513 560 scicalo
530 526 637 559 haud
656 523 794 569 procul
812 521 860 555 ab
890 533 932 554 eo
966 522 1046 554 loco
1075 520 1137 555 uhi
1161 533 1183 554 e
1202 521 1420 565 pericarclio
1447 533 1667 566 egressurus
1685 527 1742 554 est
1761 526 1912 554 resecto.

330 591 443 626 I—Id·
458 600 576 626 x—z2·
594 591 715 637 Hepar
736 591 880 633 ejusque
901 596 1025 634 partes.

438 657 465 693 I.
491 658 612 693 Lobus
640 653 774 703 hepatis
800 652 955 697 sinister,
981 653 1216 689 ventriculum
1243 651 1408 688 ambiens.

437 724 474 759 I'.
497 723 615 760 Lobus
637 720 768 756 dexter.

438 789 478 825 1⁶·
489 790 532 825 Id·
549 788 701 824 Isthmus
722 787 812 821 iuter
836 795 1026 834 utrumque
1053 786 1176 820 lobum
1198 784 1354 829 medius,
1388 784 1529 834 duplex.
1582 785 1772 821 Intervallo
1791 786 1852 822 illa
1872 786 2065 835 peritonaei
2096 786 2328 835 productione
2346 786 2411 822 im-

499 856 615 904 pleto,
641 866 730 901 quae
752 867 770 887 a
783 853 910 900 pariete
928 852 1124 888 abdominis
1146 853 1304 887 revoluta
1325 853 1527 887 uuiversum
1549 851 1669 900 hepar.
1686 854 1727 888 ab
1741 854 1910 889 exteriore
1928 854 2054 888 arctius
2074 854 2199 889 amicit.
2226 854 2317 903 (vide
2330 868 2412 890 mox

497 923 589 957 infra
607 931 644 959 Γ,
657 938 750 958 a—v.
775 919 964 967 peritonaei
985 918 1279 967 descriptionem.)

438 1003 472 1026 x.
482 1002 514 1023 x.
543 988 663 1023 Venae
687 986 903 1021 umbilicales
921 987 1016 1031 jecur
1037 985 1214 1020 adeuntes.
1243 986 1299 1032 (cf.
1316 984 1428 1019 Tabb.
1441 984 1541 1020 XVI.
1560 995 1593 1020 et
1611 985 1732 1023 XXV}
1761 987 1819 1033 fig.
1839 986 1930 1033 128.)

431 1069 520 1101 y.y.
547 1054 668 1089 Venae
688 1053 866 1101 hepaticae
887 1054 1070 1099 ejecinore
1092 1052 1326 1101 prodeuntes,
1352 1061 1391 1091 ut
1412 1051 1448 1086 in
1470 1051 1624 1086 vicinum
1644 1064 1813 1091 venosum
1840 1053 1954 1089 sinum
1974 1066 2200 1096 communem
2223 1051 2387 1088 incidant.

438 1130 537 1155 2¹·z2-
557 1121 657 1155 Vena
677 1120 895 1168 spermatica.
946 1128 990 1153 2¹·
1012 1119 1083 1154 Ubi
1106 1123 1200 1166 jecur
1218 1119 1333 1153 intrat.
1386 1127 1432 1152 ΖΞ·
1449 1117 1541 1162 Ubi,
1569 1131 1675 1153 venae
1703 1132 1804 1154 cavae
1824 1119 2000 1154 inferioris
2020 1120 2146 1165 instar,
2173 1132 2215 1159 ex
2234 1118 2359 1167 hepate
2380 1131 2415 1157 e-

503 1188 650 1234 mergit,
676 1187 790 1220 sinum
815 1199 983 1220 venosum
1006 1185 1152 1220 aditura.
1182 1187 1237 1232 (cf.
1258 1187 1317 1233 fig.
1336 1185 1414 1219 161.
1441 1195 1474 1219 et
1494 1197 1577 1219 mox
1595 1187 1654 1230 fig.
1670 1186 1761 1233 178.)

340 1255 401 1290 B*.
415 1269 536 1299 max.
551 1255 613 1289 A'.
623 1255 669 1287 B.
686 1254 724 1287 C.
737 1254 786 1286 D.
801 1252 848 1285 ’Δ.
876 1251 1114 1285 Pei-icardium
1142 1262 1174 1286 et
1203 1253 1237 1286 in
1263 1256 1335 1298 ejus
1353 1266 1438 1287 cavo
1468 1253 1675 1300 conspicuae
1696 1262 1820 1300 partes.

447 1320 508 1354 B*.
537 1319 609 1353 Ubi
629 1318 724 1352 sinus
751 1329 898 1351 venosus
925 1317 1139 1360 communis,
1166 1332 1183 1351 a
1204 1319 1354 1353 finitimo
1377 1319 1465 1353 atrio
1492 1319 1616 1352 dextro
1640 1319 1786 1365 recisus,
1812 1317 1895 1353 hiat.

442 1400 522 1421 α.α.
549 1385 670 1419 Venae
690 1396 791 1418 cavae
812 1383 1009 1430 superiores
1033 1383 1123 1417 intra
1146 1383 1382 1430 pericardium
1407 1384 1450 1417 ad
1465 1385 1581 1418 sinum
1602 1396 1770 1422 venosum
1798 1386 2025 1425 confluentes,
2065 1384 2130 1420 Cui
2158 1385 2248 1419 sinui
2277 1398 2293 1419 a
2314 1394 2414 1430 tergo

503 1461 683 1501 praeterea
706 1450 973 1484 committuntur
1002 1461 1107 1484 venae
1129 1448 1318 1497 hepaticae.
1342 1451 1455 1497 (y.y.)
1485 1464 1566 1488 cum
1597 1450 1824 1497 spermaticae
1842 1449 1990 1494 ultimo,
2017 1462 2059 1484 ex
2079 1449 2203 1498 hepate
2224 1450 2419 1498 prodeunte

505 1529 642 1553 trunco,
653 1517 729 1565 (52)
785 1516 836 1550 De
857 1516 984 1563 quibus
1003 1529 1108 1563 supra
1128 1517 1211 1563 figg.
1227 1517 1304 1551 161.
1322 1517 1399 1551 162.
1423 1527 1455 1552 et
1476 1529 1559 1557 mox
1580 1516 1672 1555 infra
1693 1518 1752 1564 fig.
1771 1517 1849 1561 178.
1877 1521 1905 1557 ὗ.
1919 1526 2058 1561 a:y.z2-

445 1613 475 1634 ῃ.
502 1584 745 1627 Arteriarum,
770 1597 790 1616 a
813 1581 930 1624 cordis
957 1582 1153 1624 ventriculo
1183 1583 1411 1625 abscissarum
1440 1584 1555 1623 trunci
1575 1583 1612 1622 in
1634 1583 1838 1623 fasciculum
1865 1583 2000 1627 coalui,
2028 1582 2186 1631 proxime
2210 1583 2301 1619 ultra
2325 1596 2417 1630 mus-⁴

503 1652 622 1686 culum
651 1648 914 1684 constrictorem
941 1648 1041 1692 (Tab.
1058 1648 1213 1684 HVII.
1240 1651 1393 1696 fig.156.
1420 1652 1474 1696 Β.)
1511 1651 1684 1696 truncati3
1720 1651 1767 1685 ita
1801 1660 1838 1684 ut
1868 1650 2073 1689 arteriarum
2098 1650 2220 1687 itinera
2248 1649 2420 1703 segmenti

504 1717 584 1752 loco
604 1724 837 1764 compareant.
891 1714 958 1750 Cui
985 1715 1078 1763 parti
1101 1715 1328 1763 explicandae
1351 1716 1503 1764 pertinet
1525 1716 1733 1762 accessoria,
1759 1718 1831 1755 imo
1853 1717 1953 1761 loco,
1978 1719 2092 1765 figura
2109 1717 2230 1762 177.*.
2259 1715 2360 1750 hasce
2377 1716 2419 1750 si-

506 1785 580 1832 glas
601 1784 725 1818 ferens:

447 1851 508 1892 A‘.
519 1852 570 1886 D.
596 1848 657 1883 Ad
676 1848 838 1889 arteriam
859 1861 1022 1894 magnam
1045 1859 1268 1882 communem
1294 1849 1499 1895 pertinentia
1520 1849 1616 1887 ostia.
1661 1850 1732 1888 ,Ast
1759 1849 1891 1887 Aortae
1911 1848 2053 1889 dextrae
2084 1849 2222 1893 lumen3
2250 1863 2268 1884 a
2285 1849 2419 1884 subcla-

510 1917 646 1951 viarum
669 1914 873 1950 arteriarum
897 1914 960 1948 illo
985 1914 1059 1962 (D)
1094 1913 1152 1948 hic
1171 1915 1240 1949 loci
1262 1915 1331 1959 jam
1352 1915 1557 1954 distinctum
1580 1925 1702 1963 atque,
1729 1925 1895 1962 tanquam
1922 1925 2020 1964 septo
2048 1915 2272 1962 interposito,
2307 1920 2420 1962 sejun-

510 1993 615 2018 ctum.
649 1981 822 2030 (Sectione
845 1980 1000 2015 fasciculi
1020 1981 1178 2015 arteriosi
1200 1981 1346 2028 propius
1367 1995 1384 2015 a
1405 1981 1511 2016 corde
1532 1982 1704 2025 instituta,
1731 1982 1936 2029 priusquam
1959 1981 2003 2016 ad
2024 1981 2210 2029 exigendas
2229 1982 2420 2017 subclavias

509 2049 709 2096 accingatur
721 2047 846 2081 arteria
869 2060 993 2094 magna
1014 2047 1231 2090 communis,
1253 2046 1338 2094 haec
1353 2048 1495 2081 luminis
1515 2049 1568 2081 sui
1591 2047 1714 2082 divisio
1731 2048 1845 2081 minus
1859 2048 2009 2088 innotuit
2021 2061 2141 2095 supra,
2164 2041 2419 2082 Tah.XXVII.

505 2118 566 2163 fig.
582 2117 660 2159 157.
673 2113 735 2161 A.)
761 2115 811 2148 D.
833 2112 994 2147 Truncus
1016 2114 1214 2154 communis
1232 2114 1487 2149 subclaviarum
1514 2123 1547 2148 et
1565 2113 1786 2161 carotidum3
1814 2115 1911 2160 cujus
1931 2115 2053 2149 lumen
2077 2116 2172 2159 juxta
2197 2124 2313 2149 aortae
2336 2113 2421 2149 dex-

506 2192 579 2217 trae
606 2180 697 2216 illud
713 2181 801 2229 (A'.)
828 2189 1018 2227 comparet.

509 2251 555 2283 B.
581 2248 692 2282 Aorta
719 2247 864 2281 sinistra.

517 2315 572 2348 C'.
600 2313 740 2348 Arteria
760 2311 972 2359 pulmonalis
993 2312 1139 2351 sinistra.
1197 2314 1258 2355 C''.
1284 2313 1360 2348 Art.
1380 2313 1593 2361 pulmonalis
1611 2313 1741 2353 dextra,

511 2379 705 2427 Utriusque
724 2379 864 2423 lumen,
891 2379 960 2414 hoc
978 2378 1140 2414 sectionis
1164 2367 1262 2423 loco,
1288 2393 1445 2415 seorsum
1467 2390 1657 2429 comparet.

511 2448 560 2482 D.
588 2445 665 2481 vide
686 2458 789 2494 supra
806 2446 867 2480 A'.

450 2516 498 2550 “Δ.
527 2511 714 2548 Pei-icardii
736 2524 878 2556 cavum,
905 2512 1033 2559 absque
1054 2511 1179 2556 corde,
1205 2512 1287 2547 solis
1308 2525 1473 2548 vasorum
1494 2518 1667 2561 majorum
1689 2513 1818 2551 truncis
1842 2512 2000 2552 residuis.

347 2587 569 2626 s—s'.oe—v.
598 2565 794 2614 Peritonaei
815 2588 936 2626 partes.

450 2659 535 2689 s-l‘·
559 2647 677 2680 Facies
698 2645 889 2692 peritonaei
907 2645 1076 2689 exterior,
1110 2645 1314 2680 claviculam
1340 2658 1469 2685 versus.
1522 2646 1616 2685 Huic
1637 2645 1910 2694 diaphragmatis
1930 2646 2093 2691 anterior,
2110 2647 2315 2692 fasciculus,
2333 2647 2421 2690 inse-

513 2714 618 2755 ritur,
646 2712 689 2746 de
710 2723 782 2758 quo
805 2723 907 2757 supra
928 2710 1060 2745 dictum
1077 2720 1127 2745 est
1144 2711 1230 2746 Tab.
1241 2711 1378 2746 XVIII.
1406 2713 1523 2750 [3422

451 2786 498 2821 Γ,
512 2785 558 2819 s',
584 2777 654 2812 Ubi
675 2778 915 2825 peritonaeum
935 2777 1101 2824 utrinque
1129 2777 1172 2811 ad
1189 2777 1422 2824 pericardium
1442 2776 1565 2813 tendit.
1592 2778 1651 2825 (cf.
1673 2777 1760 2813 Tab.
1773 2777 1873 2812 XVI.
1902 2778 1965 2824 Γ.)

455 2853 605 2895 asty-‹5-
630 2845 698 2879 Ubi
718 2844 926 2891 peritonaei‚
952 2853 1075 2878 cuncta
1094 2843 1224 2878 viscera
1245 2843 1440 2879 abdominis
1458 2843 1668 2879 includentis
1692 2845 1805 2892 paries
1826 2844 1993 2888 exterior,
2011 2843 2081 2880 sive
2100 2843 2349 2891 abdominaliS,
2368 2860 2422 2882 re-

514 2914 603 2947 cisus
626 2921 675 2946 cst
701 2909 743 2945 ad
761 2910 923 2955 jecinoris
945 2920 1076 2958 partes,
1101 2910 1223 2947 subtus
1243 2911 1404 2954 latentes,
1431 2910 1644 2959 aperiendas.

461 2989 613 3027 ang-na?-
638 2977 850 3021 Peritonaei,
876 2976 920 3012 ad
945 2976 1055 3027 hepar
1075 2977 1223 3025 propius
1252 2977 1470 3019 vestiendum
1490 2977 1722 3023 deflectentis,
1748 2991 1829 3026 pars
1849 2978 2031 3027 plicamus,
2066 2980 2268 3026 ligamento
2287 2979 2421 3028 hepatis

517 3048 711 3085 coronario
744 3043 988 3092 comparanda.

457 3136 482 3154 ε.
494 3123 534 3153 θ.
558 3115 630 3149 Ubi
649 3111 828 3160 ligamenti
846 3110 950 3157 hujus
969 3111 1147 3152 coronarii
1172 3121 1325 3147 extrema
1343 3110 1507 3159 utrinque
1527 3110 1571 3146 ad
1592 3111 1803 3159 pulmonum
1819 3111 1943 3149 faciem
1961 3110 2221 3153 abdominalem
2242 3111 2420 3148 obducen-

515 3182 614 3225 dam,
641 3187 840 3215 excurrunt.
1544 3223 1547 3226 Ι

459 3268 489 3293 η.
511 3248 628 3283 Locus
647 3245 707 3280 ubi
729 3243 863 3278 cardine
885 3243 1050 3280 adhaeret
1072 3243 1323 3292 peritonaeum.
1352 3244 1408 3291 (cf.
1427 3245 1486 3291 fig.
1505 3245 1583 3288 178.
1610 3262 1641 3288 η.
1664 3258 1681 3281 a
1702 3244 1826 3291 tergo.)

458 3329 481 3350 ι.
509 3314 774 3354 Peritonaeum,
799 3324 899 3358 supra
918 3321 951 3349 et
968 3311 1057 3347 infra
1077 3312 1172 3356 jecur
1194 3310 1456 3355 continuatum,
1483 3309 1600 3347 isthmi
1613 3310 1737 3359 ([⁶·I<l·)
1755 3310 1979 3351 interstitium
1997 3312 2149 3360 explens.

455 3398 483 3417 κ.
508 3380 578 3414 Ubi
604 3379 842 3427 peritonaeum
873 3377 908 3412 in
933 3378 1065 3426 plicam
1094 3377 1182 3421 abit,
1218 3389 1320 3411 venas
1346 3376 1562 3412 umbilicales
1590 3376 1880 3425 suspendentem,
1907 3388 2062 3413 ceterum
2093 3392 2111 3414 e
2133 3377 2267 3427 duplici
2293 3378 2421 3414 lamina

519 3447 712 3480 conflatam.

459 3517 487 3550 λ,
512 3511 583 3546 Ubi
601 3511 678 3545 talis
700 3510 892 3558 peritonaei
914 3510 1002 3558 plica
1021 3510 1163 3545 sustinet
1185 3523 1308 3545 venam
1329 3510 1582 3558 spermaticam.

459 3597 494 3626 μ.
506 3595 535 3616 ν.
559 3577 691 3614 Cavum
710 3575 918 3624 peritonaei,
953 3577 1126 3612 internam
1146 3577 1269 3612 faciem
1288 3578 1361 3623 ejus
1379 3576 1621 3624 productionis
1644 3574 1749 3622 hujus
1767 3575 1988 3614 membranae
2009 3576 2194 3621 exhibens,
2231 3589 2319 3624 quae
2342 3575 2423 3610 inde

522 3658 541 3679 a
560 3643 802 3679 musculorum
822 3641 1099 3679 abdominalium
1121 3643 1202 3679 loco
1224 3642 1371 3685 dorsum
1387 3656 1505 3681 versus
1527 3643 1696 3690 assurgit,
1712 3652 1749 3683 ut
1766 3642 1989 3687 inferiorem,
2016 3643 2060 3679 ad
2078 3643 2251 3683 abdomen
2271 3652 2426 3690 spectan-

1942 3696 1984 3727 41
2000 3693 2020 3712 *
