2693 4077
270 393 344 420 112
847 373 1187 408 EXPLICATIO
1218 377 1333 407 TAB.
1355 380 1484 408 XXIII.
1525 379 1625 406 FIG.
1652 376 1742 421 117.

370 487 414 534 μ’,
442 472 585 519 Nervus
610 473 842 513 stomachicus
874 471 988 508 dextri
1018 472 1135 506 lateris
1163 481 1362 518 truncatus3
1390 474 1433 507 ab
1462 472 1692 508 intercostalis
1717 474 1816 508 nervi
1844 473 1951 522 plexu
1978 472 2131 509 coeliaco
2160 475 2337 512 filamenta

430 548 613 596 excipiens.

265 618 348 657 XII.
378 616 483 653 Nervi
505 611 721 659 hypoglossi
746 621 764 643 e
784 607 903 643 cranio
931 605 1154 654 emergentis,
1181 606 1395 641 intercostali
1414 616 1454 641 ·et
1477 619 1566 652 vago
1589 605 1762 654 impositi,
1789 607 1967 655 particula.

270 688 402 721 6-21.
431 679 540 716 Nervi
561 679 746 725 spinales,
782 688 800 709 e
821 674 1050 709 foraminibus
1073 673 1415 708 intervertebralibus
1434 682 1660 720 emergentes·
1715 672 1900 710 Truncatis
1921 674 2025 709 ramis
2045 673 2225 722 plurimis,
2250 674 2338 709 iute-

317 751 388 799 gris
411 748 450 782 iis
470 746 570 789 solis,
597 744 656 792 qui
680 755 826 778 nervum
850 740 978 775 adeunt
1005 738 1260 774 intercostalem
1290 753 1468 787 maguum.

370 815 536 860 6.7.8.9.
565 811 703 846 Nervus
724 809 901 844 cervicalis
924 817 1039 841 sextus
1058 805 1101 840 ad
1124 806 1306 850 ultimum,
1333 819 1529 853 eorumque
1551 818 1651 840 ausae
1671 806 1917 842 intercostales.
1975 820 2127 854 10—19.
2155 807 2264 842 Nervi
2281 806 2340 842 de1

428 893 502 915 cem
525 878 697 921 dorsales,
725 889 804 911 cum
826 875 914 909 ansis
938 873 1225 907 intel-costalibus.
1255 884 1379 907 2o.21.
1396 872 1506 908 Nervi
1518 873 1665 908 sacrales
1685 873 1778 918 bini,
1805 873 1953 910 totidem
1975 874 2338 910 ansaeintercostales.

263 948 482 997 6-Ξ”’.α
503 973 516 976 -
533 950 565 994 Υ.
592 944 731 980 Nervus
753 942 934 976 universus
964 941 1215 974 intereos-talis
1241 952 1411 985 magnus.

369 1016 429 1063 Ε.
458 1015 603 1049 Summa
627 1023 704 1059 pars
728 1007 957 1043 intercostalis
978 1006 1095 1050 nervi,
1133 1005 1285 1040 Vidiano
1306 1006 1343 1040 in
1364 1006 1475 1041 canali
1495 1006 1649 1042 carotico
1670 1008 1861 1043 confluens.
1887 1009 1933 1057 (v.
1958 1021 2062 1056 supra
2083 1008 2165 1055 V2·)

367 1084 438 1131 δ’.
467 1080 524 1116 Ad
545 1079 692 1116 dorsum
712 1073 878 1110 accedens
895 1072 1135 1108 intercostalis.

368 1151 445 1197 ΕΖ
477 1147 543 1182 Ubi
566 1149 637 1192 ejus
660 1144 782 1192 plexus
801 1141 891 1175 circa
917 1149 1051 1174 aortam
1078 1138 1347 1173 descendentem
1374 1138 1512 1173 ludunt.

366 1218 444 1264 ffi'.
474 1214 600 1247 Plexus
623 1208 852 1245 intercostalis
874 1207 989 1249 nervi,
1017 1219 1135 1240 arcum
1158 1215 1348 1253 utrumque
1380 1216 1496 1240 aortae
1522 1206 1723 1242 ambientes.

366 1285 403 1322 ss·
431 1281 561 1315 Ramus
589 1276 631 1312 ad
656 1276 776 1310 tubam
803 1287 845 1309 ex
868 1286 949 1306 ansa
976 1272 1206 1307 intercostalis
1232 1286 1311 1307 cum
1340 1271 1677 1321 glossopharyngeo.
1706 1273 1763 1322 (cf.
1782 1277 1843 1321 fig.
1861 1275 1952 1322 105.)

366 1351 402 1397 b.
433 1343 629 1395 Pharyngei
658 1341 770 1384 nervi,
807 1353 848 1375 ex
869 1338 989 1374 eadem
1017 1352 1106 1373 ansa.

371 1421 400 1454 c.
427 1413 508 1449 Bini
530 1409 665 1445 nervuli
692 1408 818 1442 molles
839 1418 881 1440 ex
900 1405 1114 1440 intercostali
1133 1418 1252 1440 versus
1279 1406 1434 1440 canalem
1456 1405 1647 1440 caroticum
1676 1416 1861 1454 pergente,
1888 1407 2032 1442 arteriae
2052 1405 2214 1442 carotidis
2233 1416 2343 1442 exter-

425 1493 508 1523 nae,
535 1487 630 1512 retro
658 1473 837 1522 stapedem
865 1485 928 1519 per
955 1472 1238 1505 antivestibulum
1265 1471 1309 1505 ad
1328 1473 1488 1506 foramen
1510 1473 1706 1520 temporale
1738 1474 1793 1520 (cf.
1811 1472 1898 1508 Tab.
1911 1473 1958 1507 X.
1984 1473 2242 1520 fig.2513·T.y.)
2268 1482 2342 1507 ten-

427 1545 559 1588 dentis,
586 1542 679 1577 socii.

367 1613 401 1657 b.
429 1610 666 1647 Commissum
689 1605 947 1642 intercostalem
969 1617 1117 1639 nervum
1143 1613 1177 1638 et
1205 1602 1336 1638 durum
1363 1604 1464 1639 inter.
1492 1604 1586 1652 (vide
1606 1619 1708 1653 supra
1741 1604 1837 1651 VII.)

372 1683 402 1721 e.
432 1679 502 1713 Ubi
529 1689 656 1712 nervus
686 1672 915 1709 intercostalis
946 1684 1104 1706 summus
1134 1669 1449 1719 glossopharyngei
1479 1671 1624 1718 ganglio
1650 1670 1857 1706 subducitur
1884 1681 1917 1707 et
1938 1671 2167 1720 aliquomodo
2187 1671 2343 1718 confluit3

429 1744 562 1793 gauglii
585 1742 762 1778 cervicalis
785 1738 941 1787 supremi
968 1739 1058 1773 loco.

368 1813 396 1867 f.
423 1809 672 1851 Intercostalis,
704 1820 793 1853 vago
825 1820 843 1841 e
866 1805 985 1840 cranio
1013 1803 1150 1839 exeunti
1177 1802 1370 1837 subductus
1400 1813 1433 1838 et
1454 1807 1671 1849 conjunctus.

369 1883 405 1928 Β.
433 1875 668 1912 lutercostalis
701 1877 793 1920 juxta
826 1885 954 1920 vagum
976 1870 1012 1904 in
1038 1870 1132 1905 collo
1154 1868 1388 1915 descendens5
1417 1870 1599 1917 superiore
1619 1869 1678 1905 hic
1703 1871 1883 1920 margine,
1909 1872 2043 1920 alioqui
2074 1872 2154 1920 vagi
2174 1872 2264 1907 latus
2289 1871 2343 1913 inf

430 1956 570 1980 ternum
600 1941 714 1989 magis
734 1950 865 1974 tenens.

368 2008 405 2065 1).
433 2010 610 2058 Ganglion
638 2007 805 2047 cervicale
831 2003 998 2039 medium.

372 2075 397 2124 ἰ.
426 2077 602 2124 Gauglion
622 2072 789 2110 cervicale
811 2072 974 2114 inferius,
1001 2068 1142 2117 duplex.
1194 2069 1314 2104 Nervo
1339 2069 1498 2104 cervicali
1522 2070 1648 2104 ultimo
1677 2079 1710 2104 et
1740 2071 1883 2119 ganglio
1904 2071 2032 2108 dorsali
2056 2074 2170 2120 primo
2199 2075 2344 2118 conjun-

432 2155 551 2187 ctuin3
579 2142 722 2176 filorum
742 2153 809 2188 ope
832 2139 981 2173 insulam
1009 2136 1252 2179 efficientium,
1280 2150 1368 2183 quae
1392 2138 1592 2171 transmittit
1620 2137 1780 2172 arteriam
1802 2152 1843 2172 ex
1862 2139 1994 2174 axillari
2018 2139 2223 2176 ascendente
2244 2139 2279 2173 in
2292 2139 2345 2172 in-

431 2209 652 2245 tercostalern
675 2219 902 2242 communem
923 2205 1170 2239 continuatam.
1199 2204 1255 2241 (cf.
1277 2203 1510 2238 Tab.XXIV.
1539 2206 1598 2251 fig.
1614 2217 1623 2237 1
1639 2217 1680 2249 ¹9
1703 2214 1736 2238 et
1757 2217 1834 2239 120.
1857 2207 1971 2239 F.55.
1985 2207 2057 2249 44.)

372 2271 401 2318 f.
429 2276 607 2324 Gangliou
624 2273 762 2309 dorsale
786 2273 962 2321 primum,
989 2284 1097 2306 nervo
1118 2269 1248 2304 dorsali
1269 2270 1480 2319 primo(1o.)
1500 2271 1659 2315 junctum
1682 2280 1715 2305 et
1738 2283 1835 2305 ansas
1856 2283 1976 2306 versus
1992 2273 2135 2320 plexum
2152 2275 2344 2312 coeliacum

433 2344 586 2378 don-sales
613 2341 782 2377 emittens.
806 2339 847 2386 (Ι)

372 2413 397 2460 1.
412 2412 562 2458 1.....1.1
590 2410 705 2444 Ansae
726 2419 917 2443 nervorum
944 2405 1132 2453 spinalium
1161 2418 1180 2440 a
1197 2414 1294 2440 sexto
1315 2403 1475 2440 cervicali
1502 2403 1547 2438 ad
1569 2404 1735 2440 sacralem
1756 2403 1939 2449 ultimum,
1967 2406 2045 2451 plus
2072 2406 2188 2442 minus
2212 2407 2342 2445 directa

434 2479 568 2512 ratione
594 2474 806 2510 intercostali
837 2474 1061 2508 confluentes.

375 2547 496 2582 titul.
523 2542 715 2576 Filamenta
742 2553 759 2574 e
783 2539 927 2586 ganglio
954 2538 1114 2572 cervicali
1136 2537 1252 2572 medio
1280 2547 1313 2571 et
1334 2537 1521 2584 incipiente
1542 2536 1726 2579 inferiore,
1763 2534 1804 2569 ad
1826 2536 1968 2583 plexum
1989 2536 2197 2572 cardiacum.
2216 2541 2282 2587 (η.)

375 2613 415 2649 η.
443 2609 569 2643 Plexus
592 2606 769 2641 cardiacus
796 2604 936 2639 arterias
963 2616 981 2638 e
1004 2602 1109 2637 corde
1136 2612 1298 2637 exeuntes
1327 2603 1501 2647 ambiens,
1537 2612 1674 2650 praeter
1707 2602 1981 2648 intercostalem,
2017 2617 2035 2638 a
2057 2616 2145 2652 vago
2167 2606 2344 2642 filamenta

435 2674 617 2722 accipiens.
645 2673 699 2720 (cf.
724 2673 807 2719 figg.
823 2683 902 2714 ¹07·
921 2671 999 2704 108.
1017 2683 1029 2703 l
1043 2671 1186 2717 1‹›.z.z‘.)

375 2746 399 2782 ο
422 2749 458 2781 ο;
484 2740 675 2775 Filamenta
703 2752 720 2774 e
742 2747 838 2786 parte
861 2737 958 2772 nervi
985 2737 1213 2771 intercostalis
1238 2737 1308 2771 ima
1329 2735 1508 2779 cervicali,
1535 2735 1581 2770 ad
1604 2736 1746 2784 plexum
1766 2735 1856 2769 circa
1880 2745 1996 2771 aortae
2015 2750 2134 2772 arcum
2153 2738 2342 2774 sinistrum.

375 2813 413 2856 p.
441 2809 569 2843 Plexus
589 2816 706 2841 aortae
728 2805 882 2840 sinistrae
914 2817 1034 2838 arcum
1063 2804 1229 2838 ambiens.
1282 2803 1422 2838 Praeter
1451 2802 1687 2837 intercostales
1721 2802 1821 2837 etiam
1849 2814 1868 2837 e
1887 2814 1976 2850 vago
2009 2805 2167 2839 surculos
2193 2805 2257 2840 sibi
2285 2805 2345 2840 ad·-

439 2875 562 2910 sciscit.
591 2874 647 2920 (cf.
670 2874 753 2920 figg.
776 2883 852 2916 ¹07·
869 2872 945 2905 108.
960 2890 990 2915 η.
1005 2888 1076 2915 η.η.
1089 2871 1133 2916 η.)

376 2942 646 2992 q.q.q'.q'.‘¹.t]
675 2938 802 2972 Plexus
829 2936 1008 2970 coeliacus.
1068 2938 1148 2983 qq.
1180 2935 1251 2970 Ubi
1274 2936 1363 2970 circa
1394 2937 1554 2972 arteriam
1591 2934 1853 2971 mesentericam
1880 2935 1981 2970 ludit.
2019 2938 2074 2984 (cf.
2098 2939 2157 2985 fig.
2184 2941 2262 2973 104.
2285 2938 2345 2986 F.)

439 3009 477 3057 q‘
493 3007 559 3042 Ubi
584 3005 692 3040 ambit
718 3017 853 3038 ramum
874 3002 1191 3037 communicantem
1214 3002 1302 3036 inter
1322 3011 1506 3049 utramque
1533 3012 1675 3036 aortam.
1703 3001 1798 3050 (ibid.
1812 3004 1869 3048 K.)
1923 3004 1972 3050 Ψ.
1985 3005 2034 3051 q‘.
2054 3003 2125 3038 Ubi
2146 3004 2236 3040 circa
2256 3015 2343 3040 arte.

438 3076 526 3110 riam
555 3072 743 3108 coeliacam
765 3069 1178 3118 et.gastro-epiploicam
1200 3068 1495 3104 circumvolvitur.
1523 3067 1620 3115 (ibid.
1643 3069 1687 3102 G.
1715 3078 1748 3103 et
1773 3067 1955 3104 Tab.XX.
1971 3071 2021 3104 H.
2037 3070 2093 3116 G.)

380 3145 412 3181 t.
440 3141 581 3177 Surculi
609 3138 692 3174 inde
724 3136 882 3181 oriundi,
909 3149 1055 3170 nervum
1078 3135 1330 3170 stomachicum
1356 3149 1374 3171 e
1396 3148 1486 3183 vago
1514 3134 1687 3170 adeuntes.
1715 3136 1786 3183 (μ’.)

377 3213 410 3256 ss.
440 3209 554 3243 Ausae
576 3205 729 3240 dorsales
757 3203 800 3238 ad
823 3203 963 3252 plexum
984 3202 1187 3237 coeliacum.
1240 3201 1403 3236 Proxime
1429 3202 1539 3236 nervis
1559 3201 1754 3236 dorsalibus
1769 3203 1945 3250 prioribus
1962 3203 2155 3252 pertinent,
2182 3217 2245 3252 per
2270 3217 2343 3239 am.

436 3276 541 3322 bages
562 3272 664 3308 etiam
689 3270 954 3318 posterioribus,
982 3273 1074 3315 juxta
1095 3278 1227 3303 aortam
1248 3268 1524 3316 assurgentibus,
1551 3268 1827 3304 committuntur.

389 3340 415 3379 t.
443 3341 585 3383 Plexus,
613 3348 744 3373 aortam
775 3336 1041 3372 descendentem
1066 3336 1136 3382 (fig.
1153 3339 1229 3369 104.
1244 3336 1303 3383 L.)
1331 3335 1510 3382 irretiens,
1537 3348 1555 3370 a
1575 3335 1691 3371 nervis
1711 3335 1905 3372 dorsalibus
1930 3336 2183 3386 posterioribus
2211 3336 2344 3373 deriva-

443 3416 514 3446 tus;
541 3406 695 3439 renalem
729 3404 869 3451 plexum
903 3403 994 3437 inter
1020 3411 1053 3436 et
1080 3401 1270 3437 coeliacum
1307 3401 1453 3436 medius.

385 3475 425 3511 η.
454 3471 577 3505 Plexus
606 3471 751 3515 renalis,
777 3471 866 3504 inter
889 3483 1007 3513 renes,
1035 3467 1176 3502 arterias
1194 3468 1385 3503 involvens.

384 3541 421 3577 υ.
449 3539 563 3572 Ansae
583 3536 737 3571 don-sales
764 3536 807 3570 ad
829 3536 968 3583 plexum
992 3535 1167 3579 renale1n3
1203 3536 1244 3570 ab
1270 3534 1402 3569 ultimis
1431 3536 1545 3571 nervis
1577 3535 1771 3572 dorsalibus
1798 3538 1972 3587 repetitae.

382 3606 434 3644 m.
463 3603 588 3638 Plexus
608 3603 750 3636 arteriae
779 3602 1042 3650 hypogastricae
1063 3612 1188 3635 comes.
1210 3601 1264 3648 (cf.
1275 3602 1334 3649 fig.
1352 3604 1431 3636 104.
1449 3613 1482 3638 et
1505 3602 1590 3638 Tab.
1604 3603 1742 3638 XXIV.
1769 3606 1828 3652 fig.
1847 3617 1923 3639 122.
1936 3605 1996 3654 R.)
2022 3619 2040 3640 a
2059 3605 2247 3642 sacralibus
2263 3601 2342 3638 nerss

443 3671 494 3706 vis
516 3682 611 3705 ausas
643 3668 741 3704 ducit
770 3668 943 3715 potiores,
969 3677 1126 3705 ceterum
1156 3668 1295 3710 sacralis
1322 3668 1446 3717 plexus
1476 3668 1746 3717 productionem
1765 3671 1856 3708 facit.
