2693 4077
283 336 358 391 176
964 343 1294 375 EmecATio
1325 344 1426 375 FIG-
1465 329 1668 385 196197.

326 442 419 484 niam
435 467 444 485 ,
473 450 512 475 ut
544 452 647 487 supra
680 438 814 473 dictum
844 447 910 482 est,
946 449 1018 471 non
1039 437 1102 471 nisi
1123 436 1158 476 in
1179 436 1426 478 mammalibus
1448 435 1588 476 tandein
1611 449 1793 484 emergens
1813 436 1864 476 ala
1887 441 1998 484 major
2017 437 2224 485 spheuoidei
2246 455 2262 476 e
2279 455 2360 489 pro-

323 522 422 544 cessu
445 505 691 556 pterygoideo‚
718 503 940 552 apophyseos
960 505 1084 548 instar,
1112 503 1284 541 attollitur
1307 506 1450 550 ejusque
1474 516 1593 542 veram
1620 503 1892 551 productionem
1915 504 2137 550 continuam,
2165 519 2277 554 neque
2296 522 2359 543 uu-

327 589 433 623 quam
455 578 647 620 sejunctum
670 580 702 604 et
722 571 860 618 privum
880 583 935 615 os,
962 570 1152 604 coustituit.

382 641 504 687 quue
533 639 666 683 majore
695 638 771 682 jure
795 637 983 671 ossiculum
1011 649 1041 679 q.
1062 636 1339 684 interparietale,
1366 650 1430 672 nec
1448 637 1614 685 parietale
1636 636 1803 681 diximus,
1831 638 1988 685 alioquin
2013 649 2136 677 ruente
2158 640 2230 674 alae
2253 641 2360 685 majo-

328 709 374 743 ris
404 706 600 753 significatu
636 705 783 739 alterum
819 703 948 738 ossium
985 718 1015 748 a.
1048 703 1102 738 vel
1130 717 1176 738 m.
1212 703 1248 738 in
1280 702 1503 751 reliquorum
1524 704 1612 738 serie
1631 717 1775 751 prorsus
1796 704 1990 740 abundaret
2013 719 2126 753 neque
2146 719 2187 740 ex
2209 707 2360 741 aliorum

326 773 529 810 animalium
547 770 778 807 similitudine
799 780 915 817 posset
934 770 1108 818 explicari.

379 840 500 875 Servat
529 851 613 873 vero
646 837 748 872 etiam
783 836 853 871 hoc
871 846 1029 871 nostrum
1053 835 1217 884 parietale
1236 836 1308 884 (m.)
1330 837 1528 871 universam
1552 836 1790 872 similitudinis
1809 838 1944 886 legem,
1972 839 2117 883 etenim,
2144 839 2231 873 sicut
2253 840 2289 874 iu
2309 850 2359 875 te-

323 907 462 943 studine
483 906 637 954 ipsisque
659 902 917 938 ruminantibus
940 902 1022 938 inde
1043 917 1061 938 a
1077 902 1286 951 sphenoidei
1307 914 1420 952 parte,
1446 917 1552 952 quam
1576 906 1794 953 processibus
1817 905 2054 955 pterygoideis
2075 907 2357 954 comparavimus

325 975 361 1009 iu
385 974 492 1009 cranii
514 974 621 1008 latere
640 971 798 1018 assurgit.

268 1056 306 1089 g.
333 1041 383 1076 Os
413 1039 637 1088 quadratum,
672 1038 744 1073 sive
772 1036 925 1085 apertius
951 1036 1038 1072 ossis
1065 1045 1270 1086 temporum
1302 1051 1381 1086 pars
1412 1051 1634 1085 squamosa,
1672 1039 1708 1079 iu
1741 1051 1878 1077 merum
1909 1051 2114 1087 processum
2136 1040 2358 1081 articularem

324 1108 530 1144 abbreviata.

273 1177 308 1212 lz.
335 1176 615 1216 ,Mastoideum;
656 1184 770 1219 neque
802 1183 1046 1218 squamosum,
1082 1180 1120 1204 ut
1147 1170 1222 1205 aliis
1242 1171 1369 1219 passim
1389 1171 1538 1219 placuit,
1565 1186 1631 1207 nec
1654 1186 1672 1208 e
1691 1186 1879 1221 squamoso
1899 1182 1934 1207 et
1955 1173 2148 1214 mastoideo
2167 1176 2358 1209 conflatum

321 1240 531 1285 dicendum3
558 1239 688 1274 scilicet
709 1248 846 1285 praeter
867 1236 1079 1285 quadratum
1101 1238 1170 1272 alio
1191 1251 1378 1285 squamoso
1397 1240 1499 1274 nullo
1518 1240 1697 1275 existente.

271 1311 382 1351 effla.
393 1322 422 1343 r.
451 1307 547 1342 Ossis
576 1306 795 1353 sphenoidei
824 1313 955 1353 partes,
991 1317 1072 1339 cum
1094 1317 1169 1340 osse
1187 1308 1417 1352 tympania).
1469 1306 1661 1353 Apes-tiara
1683 1308 1885 1355 omniafig,
1899 1317 2064 1355 sequente
2082 1308 2191 1355 (197.)
2218 1308 2278 1342 ubi
2299 1321 2355 1343 ex-.

322 1376 510 1424 plicantur.

272 1457 310 1490 p.
337 1441 687 1489 Stcpramaxillare;
724 1437 797 1472 sola
824 1437 973 1485 palatina
995 1437 1102 1485 ipsius
1123 1438 1253 1473 lamina
1273 1438 1420 1474 evoluta.
1474 1436 1601 1487 Neque
1622 1441 1716 1477 enim
1738 1453 1777 1476 os
1795 1441 1851 1479 cui
1871 1450 1952 1479 nota
1974 1454 2000 1475 s.
2020 1441 2186 1487 inscripta
2208 1442 2310 1487 (prou
2320 1441 2357 1485 ti,

320 1517 509 1557 praeeunte
533 1506 595 1541 cel.
615 1505 827 1546 Nitzsclnb,
855 1503 1012 1538 deutsch.
1063 1503 1173 1538 Arch.
1195 1505 1217 1539 f.
1236 1504 1269 1539 d.
1284 1504 1438 1554 Physiol.
1460 1503 1529 1540 I.5.
1553 1508 1655 1541 1815.
1675 1517 1708 1541 et
1726 1505 1785 1544 alii
1805 1507 1869 1545 sihi
1890 1508 2104 1554 persuasere)
2124 1506 2257 1554 aliquid
2272 1519 2354 1541 cum

323 1585 421 1624 parte
440 1572 561 1609 malari
583 1571 667 1605 ossis
688 1570 986 1618 supi-amaxillaris
1006 1583 1195 1605 commune
1217 1570 1338 1615 hahet,
1362 1570 1426 1611 sed
1444 1572 1644 1619 legitimum
1664 1583 1716 1608 >est
1735 1586 1776 1611 'os
1799 1572 2043 1613 ethmoideum
2061 1573 2221 1619 laten-ale,
2248 1586 2266 1608 e
2289 1572 2358 1621 pis-

325 1643 417 1677 cium
443 1650 476 1675 et
499 1638 678 1686 reptilium
699 1638 830 1672 fabrica
853 1636 991 1671 abunde
1015 1637 1115 1672 nobis
1137 1639 1361 1672 illustratum.

278 1710 384 1745 v1·v3·
415 1709 587 1752 Angulus
608 1704 768 1739 maxillae
790 1704 984 1748 inferioris,
1011 1707 1166 1750 condylo
1185 1706 1364 1740 conflatus.

365 1771 529 1822 'Reliqua
553 1786 572 1810 e
587 1771 757 1819 siglarum
780 1783 864 1806 mox
884 1771 976 1812 infra
995 1771 1322 1820 subjungendarum
1342 1773 1507 1812 universo
1527 1773 1724 1822 significatu
1746 1783 1874 1822 patent.

1059 1923 1396 1958 FIGURA
1473 1926 1579 1978 197.

377 2047 561 2092 Ejusdem
580 2045 715 2090 capitis
728 2043 850 2086 facies
867 2043 1036 2087 inferior.

275 2129 304 2151 e.
306 2116 343 2161 f
355 2127 388 2148 a.
400 2127 430 2147 r.
458 2112 554 2158 Ossis
575 2111 795 2158 sphenoidei
814 2118 928 2156 partes
950 2122 1030 2143 cum
1050 2110 1274 2155 tympanico.

380 2179 493 2222 Haec,
529 2177 696 2225 quoniam
725 2190 743 2211 e
770 2189 895 2224 magna
926 2185 1023 2223 parte
1052 2177 1094 2211 ab
1127 2186 1309 2211 auctorum
1341 2188 1397 2221 ea,
1429 2189 1520 2224 quae
1540 2173 1610 2211 huc
1630 2188 1739 2225 usque
1760 2176 1922 2222 invaluit,
1950 2176 2117 2224 opinione
2139 2175 2355 2220 dissentiunt,

329 2247 447 2295 aliqua
464 2244 625 2292 indigent
642 2242 954 2291 argumentatione.

381 2313 494 2361 Igitur
516 2310 559 2346 de
573 2311 838 2358 pterygoideo,
866 2309 925 2356 (r)
946 2308 1016 2344 sive
1039 2311 1231 2353 omoideo,
1255 2303 1325 2344 non
1349 2319 1397 2344 est
1421 2323 1483 2345 eur
1502 2311 1621 2345 multis
1640 2323 1779 2356 morer;
1807 2321 1845 2345 ut
1866 2309 1964 2359 quod
1985 2310 2116 2344 nemini
2133 2310 2168 2343 in
2188 2308 2356 2356 discepta-

330 2381 463 2416 tionem
494 2378 618 2413 veniat.
670 2376 822 2423 Reliqua
852 2388 952 2420 vero,
986 2389 1075 2423 quae
1106 2390 1243 2412 merum
1264 2390 1399 2424 corpus
1420 2379 1639 2424 spherzoiclei
1661 2377 1730 2413 diei
1750 2378 1878 2422 solent,
1905 2377 2097 2425 composita
2125 2377 2238 2424 potius
2257 2386 2360 2423 atque

329 2447 473 2497 quidem
493 2458 535 2480 ex
554 2445 631 2493 ipso
651 2444 714 2478 illo
736 2444 954 2490 sphenoidei
972 2456 1144 2489 corpore,
1173 2457 1191 2479 e
1203 2445 1442 2491 processibus
1458 2447 1736 2492 pterygoiclei8‚
1765 2445 1917 2492 denique
1939 2458 1980 2479 ex
2005 2454 2155 2490 utroque
2173 2456 2247 2477 osse
2264 2451 2357 2488 tym-

322 2516 462 2562 panico
483 2513 631 2547 conflata
655 2523 726 2545 esse
749 2510 919 2545 existimo.

385 2580 544 2621 Quarum
574 2578 726 2625 partium
756 2590 890 2621 corpus
906 2576 1127 2621 sphenoidei
1147 2576 1201 2623 (e.)
1221 2576 1430 2621 introrsum,
1458 2578 1566 2612 cranii
1588 2589 1710 2611 cavum
1735 2588 1868 2620 versus,
1896 2589 2094 2624 assurgens,
2121 2577 2162 2611 ab
2186 2576 2357 2610 exteriore

331 2659 456 2695 parum
475 2643 712 2691 conspicitur3
739 2641 1020 2676 incumbentibus
1039 2641 1172 2677 scilicet
1194 2651 1227 2676 et
1246 2643 1490 2691 obtegentibus
1511 2645 1645 2678 ossibus
1668 2644 1882 2691 tympaniciS.
2118 2639 2122 2643 ’

384 2712 657 2756 Pterygoideas
686 2721 769 2744 vero
786 2721 985 2754 processus
1005 2709 1063 2757 (f)
1086 2717 1302 2754 antrorsum,
1330 2710 1479 2757 palatina
1497 2723 1572 2745 ossa
1594 2711 1656 2757 (n.)
1680 2723 1790 2757 usque
1812 2719 2012 2757 porrectus,
2037 2719 2240 2744 attenuatur.
2293 2708 2360 2742 Su-

332 2779 434 2814 stinet
463 2787 596 2821 tamen,
633 2775 782 2810 aliorum
815 2775 1018 2809 animalium
1048 2788 1163 2819 more,
1199 2775 1264 2810 sibi
1286 2776 1449 2825 imposita
1473 2775 1718 2826 pterygoidea‚
1745 2777 1831 2822 sive,
1859 2775 1956 2824 quod
1975 2775 2067 2811 idem
2090 2787 2155 2819 est,
2183 2776 2356 2812 omoidea.

334 2846 388 2895 (r.)
416 2844 487 2886 Qui
509 2844 602 2879 solus
624 2855 732 2877 nexus
752 2840 901 2876 validius
923 2841 1026 2889 hujus
1046 2841 1152 2890 partis
1176 2842 1290 2877 innuit
1310 2843 1555 2891 significatum.

391 2912 628 2957 Tympanica
648 2908 807 2952 demum,
834 2909 940 2956 (mu)
968 2922 985 2942 a
1006 2909 1163 2957 tympani
1182 2922 1284 2953 cavo,
1310 2910 1408 2957 quod
1426 2909 1471 2945 ad
1492 2911 1577 2945 imas
1597 2910 1886 2945 circumscribunt
1908 2924 2002 2955 oras,
2028 2911 2124 2945 basin
2149 2909 2356 2957 spheuoidei

331 2991 450 3014 versus
481 2986 657 3025 porrecta,
692 2974 775 3009 huic
807 2976 990 3009 confluunt
1019 2985 1123 3023 atque
1144 2975 1434 3020 confunduntur3
1462 2977 1507 3011 ita
1526 2987 1658 3021 tamen,
1686 2987 1724 3011 ut
1744 2977 1856 3012 media
1879 2992 1947 3025 qua
1967 2981 2094 3012 coeunt
2115 2987 2210 3024 parte
2233 2978 2267 3011 in
2289 2977 2354 3011 cri-

333 3055 419 3081 stam
442 3044 613 3091 aliquam,
638 3052 778 3076 suturae
801 3041 922 3085 instar,
949 3051 982 3076 et
1002 3042 1037 3075 in
1057 3052 1155 3077 anate
1180 3057 1285 3090 quam
1305 3043 1340 3077 in
1364 3044 1460 3090 gallo
1483 3044 1774 3088 manifestiorem,
1802 3044 1990 3092 erigantur.

385 3110 523 3153 Quodsi
544 3110 580 3144 in
599 3119 691 3143 tanta
711 3107 928 3143 diversarum
952 3121 1068 3143 rerum
1089 3109 1275 3153 mixtione,
1303 3109 1391 3157 quid
1413 3111 1560 3158 singulis
1586 3111 1730 3154 ossibus,
1757 3112 1959 3159 tympanico
1984 3109 2162 3151 nimirum,
2191 3120 2356 3159 pterygo·

335 3178 415 3214 ideo
450 3176 627 3224 processui
659 3185 761 3223 atque
793 3174 1002 3223 spheuoidei
1032 3177 1176 3223 corpori
1205 3175 1433 3211 tribuendum
1453 3177 1496 3211 sit
1515 3177 1690 3224 ambigas3
1718 3176 1824 3224 ipsius
1847 3179 1966 3221 tubae,
1992 3190 2010 3211 a
2036 3176 2187 3210 faucium
2213 3177 2355 3225 regione

338 3244 497 3294 tympani
533 3255 657 3277 cavum
687 3254 805 3276 versus
834 3251 1031 3289 porrectae,
1057 3241 1137 3285 iter,
1166 3242 1291 3277 limites
1314 3256 1515 3290 processum
1540 3242 1809 3292 pterygoideum
1829 3244 1917 3278 inter
1937 3254 2027 3278 etos
2047 3243 2284 3292 tympanicum
2306 3244 2359 3278 iu-

341 3311 478 3346 dicabit.
531 3309 671 3344 Scilicet
701 3309 743 3343 ab
778 3308 874 3343 omni
902 3308 937 3342 in
967 3308 1212 3343 mammalibus
1235 3310 1416 3357 explorata
1438 3309 1676 3345 similitudinis
1699 3309 1777 3357 lege
1799 3311 1944 3345 nimium
1966 3308 2132 3357 quiddam
2154 3310 2357 3355 abhorrens,

339 3377 449 3411 immo
481 3386 716 3411 monstrosum
738 3373 926 3409 dicendum
949 3384 1050 3418 esset,
1077 3374 1113 3408 in
1133 3376 1252 3412 avibus
1269 3377 1406 3420 tubam,
1433 3387 1472 3412 ut
1493 3376 1536 3412 ad
1555 3389 1666 3410 unum
1688 3388 1810 3411 omnes
1829 3376 1871 3412 de
1890 3377 1956 3412 hac
1976 3389 2012 3411 re
2033 3386 2191 3411 auctores
2213 3377 2357 3424 opinan-

340 3453 415 3486 tur,
442 3443 530 3479 viam
552 3443 618 3477 sibi
643 3455 703 3490 per
723 3441 839 3489 ipsum
860 3454 988 3488 corpus
1010 3441 1094 3477 ossis
1115 3441 1322 3488 sphenoidei
1342 3444 1526 3491 aperuisse.

394 3508 550 3543 Sufficiet
571 3509 697 3556 igitur,
734 3517 804 3542 seta
825 3508 877 3554 (†)
913 3520 975 3554 per
997 3520 1134 3541 osseum
1162 3509 1264 3543 tubae
1294 3510 1450 3544 canalem
1475 3508 1692 3554 introducta,
1727 3522 1745 3544 e
1766 3520 1880 3545 meatu
1913 3523 1994 3545 vero
2018 3509 2191 3545 auditorio
2215 3521 2358 3545 externo

343 3575 562 3624 prodeunte,
586 3574 688 3609 illum
716 3575 818 3609 tubae
837 3587 977 3608 cursum
999 3572 1185 3618 indicasse,
1211 3585 1268 3619 ut,
1294 3577 1586 3623 congruentibus,
1613 3588 1631 3610 e
1655 3578 1748 3622 juxta
1773 3577 1886 3624 posito
1913 3577 2009 3611 bovis
2030 3577 2086 3612 uri
2105 3577 2243 3622 cranio,
2280 3589 2358 3625 par-

342 3643 434 3684 tibus
458 3641 612 3686 collatiS,
638 3641 708 3688 (fig.
725 3641 852 3688 2oo.†.
866 3641 913 3688 u.)
941 3640 1131 3689 tympanici
1160 3642 1243 3676 ossis
1268 3642 1409 3690 vestigia
1428 3655 1499 3677 uon
1521 3642 1637 3680 minus
1656 3641 1751 3690 apud
1769 3656 1846 3678 aves
1868 3643 2033 3679 eluceant.
