2693 4077
919 365 1262 391 EXPLICATIO
1293 365 1405 391 TAB.
1430 365 1557 392 XXIX.
1591 352 1799 407 F10.178.
2330 357 2405 401 165

430 470 475 494 22·
496 461 567 495 Ubi
588 474 606 496 e
627 461 753 508 hepate
780 470 917 505 egressa
938 457 1095 492 illabitur
1120 457 1156 491 in
1178 457 1294 492 sinum
1318 470 1499 493 venosum.

420 529 473 573 y‘.
502 527 684 562 Venarum
710 525 949 573 hepaticarum
976 523 1010 558 in
1031 537 1154 558 venam
1175 524 1417 571 spermaticani
1437 524 1666 560 incidentium
1688 526 1842 570 lumina,
1868 529 2024 572 majora,
2052 529 2199 564 minora.

418 594 484 638 y*.
511 594 632 629 Venae
653 590 856 636 hujusmodi
878 589 1055 638 hepaticae
1076 591 1214 633 ostium,
1241 591 1377 624 valvula
1395 591 1629 636 custoditum,
1656 606 1745 639 qnae
1765 594 1879 640 posit-n
1898 608 1960 629 suo
1979 595 2123 643 (pendet
2138 597 2230 630 enim
2250 597 2406 645 aliquan.

491 671 566 695 tum
591 661 626 694 in
649 671 754 693 venae
781 657 1009 705 spermaticae
1028 657 1160 704 lumen)
1188 670 1328 690 cursum
1349 657 1542 702 sanguinis,
1569 672 1586 691 a
1607 668 1732 693 trunco
1752 659 1984 705 advenientis,
2012 663 2207 709 gubernare
2228 674 2329 711 atque
2348 666 2409 699 he-

492 728 564 776 pati
592 725 799 760 distribuere
831 723 959 758 debere
987 723 1136 757 videtur.
1196 722 1267 757 Sed
1286 723 1462 769 injectioni
1489 738 1552 772 per
1582 737 1705 759 venam
1738 727 1979 773 spermaticam
2009 730 2116 763 factae
2148 729 2279 764 aditum
2306 732 2411 778 perti-

491 795 620 828 naciter
642 804 821 834 recusam,
850 792 892 824 ab
913 790 1153 837 hepaticarum
1175 802 1344 824 venarum
1359 791 1539 825 functione
1559 792 1764 840 propiorem
1784 806 1854 827 sese
1878 796 2048 841 probavit.
2101 795 2176 829 Nisi
2196 797 2337 831 animali
2362 797 2411 831 vi-

493 870 592 895 vente
610 858 715 893 aliam
744 856 828 891 huic
854 856 1011 891 valvulae
1035 857 1207 892 actionem
1231 856 1391 901 addicas,
1418 871 1524 905 qnam
1548 871 1638 905 qnae
1666 860 1929 906 experimentis,
1958 871 2034 908 post
2056 872 2207 897 mortem
2236 864 2411 909 institutis,

491 925 725 974 cognoscitur.

438 994 537 1036 Quae
558 990 882 1040 quomodocunque
906 1003 941 1025 se
961 988 1131 1034 habeant,
1158 989 1248 1024 illud
1267 999 1381 1025 tamen
1399 1003 1443 1024 ‘ex
1459 991 1538 1038 ipso
1557 991 1691 1026 lumine
1705 992 1861 1040 spatioso
1879 1003 1982 1041 atque
2004 1004 2142 1041 patente
2164 995 2199 1029 in
2222 996 2334 1030 sinum
2355 1009 2411 1031 ve-

492 1073 620 1095 nosum
649 1059 704 1092 via
728 1057 950 1092 manifestum
977 1067 1044 1100 cst,
1070 1069 1195 1091 venam
1215 1056 1307 1091 hanc
1335 1058 1597 1105 spermaticam,
1624 1058 1720 1093 haud
1748 1072 1846 1094 secus
1875 1074 1916 1094 ac
1931 1074 2054 1096 venam
2083 1061 2262 1109 quandam
2292 1076 2411 1099 cavam

488 1127 712 1168 inferiorem,
740 1137 801 1171 per
816 1123 924 1171 hepar
948 1123 1069 1169 trajici.

438 1195 482 1230 Et
501 1192 687 1241 quoniam,
722 1190 749 1224 si
770 1189 903 1224 recedis
931 1204 949 1224 a
968 1189 1063 1225 venis
1083 1190 1316 1237 sperniaticis,
1348 1191 1516 1226 omnibns
1539 1204 1601 1239 per
1621 1191 1795 1227 abdomen
1818 1195 2086 1242 assurgentibus
2108 1196 2205 1229 venis
2224 1209 2410 1232 commune

494 1270 564 1303 est,
590 1258 645 1292 vel
663 1256 823 1304 proxime
852 1256 905 1290 vel
930 1269 993 1304 per
1013 1256 1270 1291 umbilicalium
1291 1259 1453 1305 ambages
1476 1259 1510 1292 in
1533 1269 1680 1307 systema
1697 1270 1885 1307 portarum
1907 1262 2105 1305 confluere,
2142 1262 2300 1297 universa
2325 1262 2411 1298 haec

494 1324 722 1373 spermaticae
740 1335 821 1356 cum
841 1322 988 1368 reliquis
1010 1322 1105 1355 venis
1124 1321 1371 1357 dissimilitudo
1390 1323 1432 1357 aud
1455 1324 1564 1358 solam
1580 1328 1803 1370 genitcdium
1826 1326 2041 1361 functionem
2062 1327 2244 1363 referenda
2266 1329 2346 1372 erit⁷
2374 1339 2412 1364 nt

494 1404 648 1439 quorum
670 1389 705 1423 in
724 1388 793 1423 hoc
806 1388 1010 1423 animalium
1029 1401 1157 1435 genere
1180 1389 1306 1433 moles,
1336 1389 1445 1423 immo
1468 1391 1674 1434 enormitas,
1701 1393 1973 1438 paratissimum,
2000 1407 2066 1440 pro
2084 1404 2228 1440 renata,
2255 1406 2287 1430 et
2306 1410 2411 1443 quam

495 1458 646 1493 maxime
677 1454 882 1503 expeditum
911 1455 1090 1501 sanguinis
1115 1454 1293 1490 redeuntis
1323 1456 1388 1491 iter
1409 1465 1597 1503 exposcere
1619 1457 1766 1491 videtur.

328 1530 377 1564 H,
389 1527 545 1571 60-(59.
576 1526 683 1558 Vasa
695 1523 883 1567 jecinoris
899 1523 1095 1556 arteriosa.
1146 1521 1357 1569 (Conjuncta
1375 1536 1456 1558 cum
1475 1523 1620 1571 reliquis
1641 1537 1857 1571 organorum
1877 1523 2222 1574 chylopoieticorum
2244 1527 2349 1571 vasis,
2377 1538 2410 1563 et

378 1593 557 1642 plcuiora‚
583 1589 662 1624 vide
684 1587 824 1633 eadem,
852 1588 1071 1623 Tab.XXX.
1098 1590 1155 1635 fig.
1174 1589 1266 1637 179.)

432 1661 482 1694 H.
509 1657 650 1692 Arteria
668 1655 839 1699 coeliaca,
868 1656 909 1690 ab
935 1664 1032 1688 aorta
1052 1655 1188 1689 sinistra
1210 1656 1328 1690 recisa.
1487 1699 1491 1704 ἰ

435 1725 610 1759 Go-Goa·
627 1722 705 1757 Art.
723 1720 1136 1769 hepatico·du0denaliS.
1187 1721 1283 1757 Parti
1303 1722 1480 1770 superiori
1497 1722 1571 1758 lobi
1589 1723 1704 1758 dextri
1719 1723 1929 1759 subducitur
1948 1735 1988 1760 ut
2006 1726 2096 1761 infra
2114 1738 2239 1761 venam
2257 1739 2410 1774 sperma-

492 1791 597 1826 ticam
619 1790 747 1825 iterum
767 1798 933 1835 emergat.
987 1788 1114 1826 Eundo
1143 1789 1305 1823 arteriam
1332 1789 1658 1838 liepato-cysticam
1677 1790 1772 1834 edit,
1808 1791 1852 1826 de
1868 1806 1939 1839 qua
1963 1793 2063 1827 infra.
2085 1793 2179 1841 (69⁸.)
2233 1794 2308 1827 60⁰·
2332 1794 2411 1840 Ubi,

498 1856 541 1893 ad
569 1869 689 1891 arcum
719 1854 955 1889 duodenalem
984 1855 1127 1889 arteriae
1146 1856 1390 1890 mesentericae
1410 1856 1591 1901 sinistrae,
1617 1856 1675 1890 cni
1695 1857 1944 1902 committitur,
1973 1858 2139 1904 tendens,
2164 1857 2304 1894 discissa
2322 1870 2381 1895 est.

433 1927 489 1960 61.
517 1924 595 1958 Art.
616 1921 834 1970 pancreatica
861 1930 961 1955 secta.

491 1990 638 2025 61'.ss1·.
668 1988 770 2022 Rami
792 1987 963 2034 hepatici,
990 2001 1007 2022 e
1028 1988 1244 2036 pancreatica
1267 1987 1313 2023 ad
1332 1989 1456 2024 lohum
1475 1988 1610 2037 hepatis
1632 1989 1813 2026 sinistrum
1835 2001 1869 2026 et
1897 1990 2079 2027 isthmum.

432 2060 489 2092 62.
517 2057 594 2091 Art.
615 2055 772 2104 pylorica
800 2064 966 2088 truncata.

432 2127 491 2160 65.
519 2124 596 2158 Art.
617 2122 800 2157 coronaria
821 2121 1006 2155 ventriculi
1024 2131 1213 2168 praesecta.

494 2192 566 2225 65⁴.
594 2188 737 2224 Ramuli
754 2187 905 2235 hepatiei
934 2201 952 2222 e
974 2188 1159 2222 coronaria
1181 2188 1376 2223 ventriculi.

433 2259 501 2303 69'.
529 2258 581 2291 Ex
604 2253 886 2302 hepato-cystica
912 2253 1009 2301 (inde
1040 2255 1083 2288 ab
1114 2253 1502 2301 hepatico-duodenali
1530 2254 1698 2304 derivata)
1726 2257 1842 2291 ultimi
1864 2259 1991 2293 ramuli
2022 2258 2183 2306 hepatici.

332 2337 380 2364 iii.
410 2326 548 2360 Vesica
567 2323 703 2366 fellea,
731 2318 855 2354 dextro
877 2318 1011 2366 hepatis
1028 2319 1131 2362 lobo,
1158 2321 1221 2354 sub
1242 2324 1315 2366 ejus
1337 2331 1434 2368 parte
1464 2321 1643 2368 superiore
1667 2323 1788 2369 paullo
1808 2323 1955 2358 latitans.

435 2398 457 2436 ζ.
473 2410 501 2436 η.
515 2397 553 2427 θ.
566 2407 593 2426 κ.
606 2395 635 2425 λ.
662 2388 897 2427 Peritonaei,
924 2385 1072 2431 jecinori
1094 2385 1323 2431 adhaerentis,
1348 2386 1509 2422 residuae
1533 2398 1663 2435 partes,
1692 2389 1886 2435 pla-trinium
1912 2400 2099 2426 truncatae.

494 2464 613 2502 ζ,η.θ.
637 2453 833 2489 Peritonaei
859 2452 969 2499 plica,
995 2453 1227 2499 ligamentum
1261 2454 1484 2489 coronarium
1512 2455 1734 2489 constituens,
1762 2457 1817 2504 (eff.
1834 2457 1895 2504 fig.
1912 2468 1991 2502 17¹7.
2015 2457 2091 2492 iisd.
2111 2458 2233 2506 siglis.)

491 2542 523 2568 η,
548 2522 620 2556 Ubi
647 2520 692 2556 ad
720 2518 907 2568 yentriculi
934 2518 1087 2553 cardiam
1109 2518 1271 2558 deflectit.

492 2597 567 2636 ζθ.
595 2588 663 2623 Ubi
685 2600 805 2622 versus
826 2587 1011 2635 pulmones
1029 2584 1159 2629 tendit,
1185 2596 1395 2622 truncatum.

433 2677 460 2696 κ,
485 2657 558 2691 Ubi
575 2656 664 2690 inter
681 2666 785 2688 venas
801 2651 1018 2686 umbilicales
1032 2664 1221 2700 expansum
1234 2653 1476 2699 peritonaeum
1492 2653 1675 2702 ligamenti
1687 2654 1867 2701 cujusdam
1882 2657 2197 2705 suspensoriiviees
2209 2659 2289 2707 agit.
2301 2659 2410 2708 (ibid.)

434 2732 462 2761 λ.
487 2723 599 2767 Plica,
626 2733 750 2755 venam
768 2717 1012 2767 spermaticam
1032 2718 1257 2766 suspendens.
