2693 4077
334 371 538 477 QUOD
575 413 835 481 superiore
864 409 1169 483 praefatione
1198 406 1597 480 spoponderam,
1636 408 1748 460 fore
1779 422 1831 460 ut
1859 408 2027 475 binos,
2064 414 2150 483 qui
2170 414 2407 483 vulgandi

332 505 600 569 restabant,
637 501 889 555 fasciculos
909 500 1165 553 testudinis
1186 499 1426 551 fabricam
1454 500 1774 565 illustrantes,
1809 503 2075 574 interjectis
2097 505 2408 573 singulorum

332 601 493 668 spatiis
522 616 769 649 annorum
799 593 985 664 publici
1015 594 1138 664 juris
1158 593 1401 657 facerem,
1437 591 1515 657 id,
1551 595 1787 665 quoniam
1810 596 2011 647 interim
2031 596 2249 649 intellexi
2270 597 2410 650 loco-

333 711 449 743 rum
477 690 749 742 distantiam
778 701 824 738 et
850 688 1139 738 commercii
1162 684 1411 737 librorum
1433 684 1685 754 ambages,
1721 684 1848 738 adeo
1877 686 2020 740 brevi
2051 689 2314 742 intervallo
2334 710 2410 742 se-

335 787 540 853 paratim
560 778 792 843 edendis,
826 781 983 829 nimio
1004 798 1106 830 esse
1128 777 1396 842 obstaculo,
1431 777 1707 851 meliusque
1730 780 1838 829 Tuo
1861 780 2131 833 commodo
2150 785 2411 855 provisum

334 879 424 941 iri,
467 877 502 925 si
530 892 656 944 quae
686 869 958 924 dividenda
989 872 1209 943 primum
1239 869 1562 935 videbantur,
1606 873 1658 921 in
1687 891 1844 922 unum
1873 874 2076 926 missum
2106 875 2410 946 colligerem,

336 967 640 1038 conjunctim
660 983 797 1015 nunc
829 963 965 1023 Tibi,
1006 964 1196 1013 Lector
1215 963 1471 1025 studiose,
1510 978 1720 1036 praesto.

467 1060 524 1109 In
561 1057 740 1129 quibus
778 1054 1088 1107 absolvendis
1129 1069 1299 1106 utrum
1333 1055 1652 1107 eruditorum
1690 1059 2039 1130 exspectationi
2079 1061 2413 1126 satisfecerim,

335 1169 434 1206 esto
455 1150 589 1225 apud
617 1169 800 1222 aequos
821 1147 1129 1218 dijudicatio.
1200 1147 1476 1220 Equidem,
1510 1151 1597 1220 qui
1619 1148 1851 1216 religiose
1870 1153 2037 1203 omnia
2058 1155 2277 1218 tractavi,
2297 1153 2413 1205 nul-

334 1245 424 1296 lius
444 1243 564 1295 mihi
585 1242 809 1293 conscius
829 1241 1077 1303 incur-iae,
1106 1239 1278 1290 arbitri
1299 1241 1376 1291 vel
1399 1243 1660 1292 severioris
1683 1245 1973 1295 sententiam
1992 1263 2097 1295 non
2120 1248 2266 1298 anxie
2288 1248 2411 1298 exti-

333 1335 649 1389 mescendam
660 1353 762 1386 esse
775 1331 996 1384 confido.
1032 1330 1211 1403 Neque
1224 1334 1359 1383 enim
1378 1331 1491 1397 loci,
1510 1334 1562 1382 in
1575 1331 1876 1401 elegantiore
1888 1339 2067 1387 artium
2086 1336 2221 1388 cultu
2240 1341 2412 1390 etiam-

334 1449 469 1481 nunc
489 1427 655 1501 paullo
677 1425 923 1489 rudioris,
951 1426 1117 1497 inopia
1141 1426 1419 1497 peritorum
1448 1423 1765 1476 dlversissimi
1787 1429 1982 1495 generis
2014 1430 2283 1494 artificum,
2318 1449 2414 1482 nec

335 1521 606 1595 sumptibus
627 1521 763 1570 omni
786 1519 1117 1569 aestimatione
1139 1531 1186 1567 et
1206 1519 1342 1567 omni
1364 1516 1534 1580 lucro,
1555 1519 1637 1568 vix
1658 1538 1879 1590 unquam
1900 1518 2258 1586 redundando,
2292 1541 2416 1595 pro-

336 1616 465 1666 fecto
485 1611 783 1683 majoribus,
817 1628 982 1682 neque
1000 1624 1290 1682 temporum
1310 1608 1531 1682 denique
1551 1608 1811 1662 literarum
1831 1610 1998 1663 studiis
2019 1612 2295 1682 plurimum
2323 1613 2416 1665 ob-

335 1722 485 1759 stante
515 1707 793 1777 iniquitate,
822 1701 882 1753 ab
904 1720 1082 1774 opere,
1111 1702 1248 1751 omni
1270 1721 1367 1773 qua
1388 1704 1675 1775 inceperam
1696 1702 1936 1756 industria
1955 1705 2293 1777 perficiendo,
2323 1725 2417 1773 po-

335 1802 405 1851 tui
433 1798 717 1850 absterreri.
762 1796 927 1866 Atque
948 1793 1154 1865 quidem
1176 1793 1419 1845 assiduam
1441 1794 1745 1864 diligentiam
1762 1816 1867 1848 non
1895 1800 2057 1849 minus
2077 1790 2129 1849 in
2152 1797 2244 1849 illis
2264 1797 2415 1850 rebus

336 1893 502 1964 posui,
532 1908 660 1960 quae
692 1888 912 1937 novitatis
942 1884 1103 1954 aliqua
1133 1885 1565 1936 commendatione
1586 1888 1892 1951 eminebant,
1921 1889 2023 1952 vel,
2052 1910 2149 1961 pro
2170 1910 2253 1941 sua
2274 1905 2417 1941 natu-

333 2003 415 2046 ra,
443 1981 643 2050 majoris
664 1995 813 2026 curae
844 1978 895 2024 in
916 1977 1028 2046 ipsis
1050 1974 1287 2024 eruendis
1318 1974 1563 2026 adhibitae
1582 1975 1884 2028 documenta
1906 1977 2079 2030 datura
2109 1980 2416 2051 polliceban—

335 2090 440 2136 tur,
472 2069 559 2122 sed
580 2070 689 2143 pari
711 2066 874 2118 studio
896 2085 951 2117 ea
971 2086 1079 2116 sum
1099 2082 1414 2138 prosecutus,
1445 2086 1572 2139 quae
1603 2068 1889 2141 compendii
1911 2089 2054 2121 causa
2074 2091 2255 2140 magna
2276 2087 2415 2144 parte

338 2161 607 2217 omittenda
636 2175 801 2224 erant,
840 2178 935 2210 nec
966 2161 1216 2231 speciatim
1234 2162 1434 2224 ornari,
1463 2159 1576 2223 sed,
1605 2159 1753 2212 veluti
1775 2165 2067 2227 accessoria,
2108 2164 2413 2216 transeundo

339 2274 408 2321 et,
436 2272 489 2307 ut
518 2258 646 2305 intra
675 2254 824 2322 justos
845 2251 1022 2301 limites
1044 2270 1124 2302 me
1145 2253 1480 2317 continerem,
1510 2271 1615 2303 non
1640 2256 1730 2304 nisi
1762 2254 2060 2309 brevissimis
2090 2255 2253 2308 verbis
2281 2257 2415 2309 indi-

341 2347 499 2400 canda
532 2344 845 2397 videbantur.

475 2438 650 2502 Quare
672 2438 765 2488 erit
785 2436 986 2486 fortasse
1007 2455 1373 2508 nonnunquam
1394 2457 1508 2489 cum
1528 2441 1585 2504 ii,
1615 2441 1701 2512 qui
1724 2455 1913 2492 nostras
1935 2441 2078 2493 hasce
2091 2442 2300 2493 Tabulas
2322 2442 2414 2493 ad-

339 2535 505 2596 ibunt,
534 2549 638 2581 non
659 2531 889 2592 sentient,
916 2547 1093 2600 paucas
1115 2527 1217 2579 illas
1237 2528 1411 2593 lineas,
1439 2550 1547 2581 eam
1567 2546 1768 2584 tenuem
1793 2532 2147 2605 explanationis
2168 2533 2412 2606 pagellam

338 2642 471 2678 tanto
492 2623 635 2674 nobis
654 2622 890 2694 temporis
911 2635 1059 2692 atque
1080 2640 1264 2692 operae
1284 2621 1542 2695 impendio
1562 2626 1754 2676 stetisse.
1793 2623 1991 2688 Quodsi
2011 2645 2133 2678 vero
2156 2626 2259 2689 alii,
2279 2625 2412 2678 diffi-

341 2718 575 2771 cultatum
595 2700 720 2787 quae
741 2712 1085 2783 hujuscemodi
1099 2729 1302 2782 conatus
1311 2730 1546 2786 premunt
1565 2715 1726 2788 probe
1747 2719 1890 2785 gnari
1912 2732 1961 2769 et
1980 2720 2111 2770 inter
2131 2737 2214 2770 eos
2235 2721 2412 2791 passim

343 2811 526 2863 altioris
556 2804 768 2858 subsellii
798 2807 916 2869 viri,
942 2805 1159 2874 benigne
1188 2805 1253 2857 de
1276 2826 1356 2857 me
1382 2826 1598 2879 meoque
1629 2826 1783 2880 opere
1803 2806 2053 2878 judicent,
2083 2808 2210 2860 hanc
2240 2809 2413 2860 soliciti

342 2903 524 2954 laboris
553 2899 871 2969 gratissimam
900 2896 1101 2949 laudem
1122 2917 1299 2949 eorum
1330 2897 1613 2950 humanitati
1641 2915 1890 2968 acceptam
1909 2902 2130 2967 referre,
2157 2921 2323 2973 neque
2342 2917 2415 2952 ta-

343 3015 458 3046 men
479 2991 595 3043 ideo
616 2990 738 3040 mihi
757 2992 1102 3062 memetipsum
1134 2989 1322 3062 ubique
1353 2993 1662 3056 satisfecisse,
1690 2994 1952 3065 profiteor.

475 3083 745 3155 Reliquum
772 3102 932 3146 nunc,
959 3097 1036 3146 ut,
1067 3085 1432 3134 commentariis
1462 3081 1686 3154 adjectis,
1717 3087 1859 3157 operi
1888 3084 2222 3158 colophonem
2243 3087 2408 3158 impo-

343 3199 475 3229 nam.
556 3173 715 3239 Quod
744 3175 941 3246 duplici
965 3173 1118 3226 modo
1146 3175 1323 3247 perfici
1351 3190 1564 3248 poterat:
1609 3175 1686 3228 vel
1716 3179 1802 3241 ita,
1840 3192 1916 3241 ut,
1955 3179 2109 3228 missis
2139 3177 2266 3242 aliis,
2306 3197 2412 3229 non

344 3273 435 3320 nisi
457 3286 733 3341 europaeae
752 3266 1005 3318 testudinis
1027 3266 1269 3317 fabricam
1291 3266 1595 3334 singillatim,
1623 3288 1717 3341 per
1738 3271 1871 3320 varia
1893 3272 2122 3342 corporis
2143 3284 2414 3341 systemata,

347 3360 528 3412 ordine
548 3378 925 3433 percenserem3
954 3358 1054 3423 vel,
1083 3374 1134 3409 ut
1163 3378 1369 3410 omnem
1397 3359 1701 3411 testudinum
1728 3360 1962 3413 familiam
1993 3347 2273 3435 amplexus,
2302 3363 2415 3412 uni-

345 3473 536 3506 versam
557 3452 769 3524 aliquam
788 3451 1302 3525 Clzelonographiam
1320 3466 1566 3504 tentarem
1586 3472 1793 3525 eamque
1813 3469 2055 3528 perpetua
2075 3469 2121 3507 et
2141 3469 2309 3506 mutua
2329 3452 2417 3504 ali·

351 3566 498 3598 orum
528 3561 948 3616 quorumcunque
978 3546 1301 3595 animantium
1332 3548 1703 3618 comparatione
1732 3544 2053 3600 illustrarem.
2109 3612 2195 3633 n*
