2693 4077
435 397 662 450 Alterum
685 392 809 445 illud
831 398 882 445 in
903 411 1105 460 promtu
1128 411 1254 459 erat3
1289 415 1383 447 nee
1410 416 1532 448 vero
1555 417 1771 462 omnem,
1806 418 1956 470 quam
1975 404 2378 473 concupiveram,

301 491 542 562 cujusque
563 491 872 557 capacissima
892 507 993 539 esse
1014 491 1219 539 materia
1237 488 1515 553 videbatur,
1552 489 1810 541 utilitatem
1835 492 2177 563 promittebat,
2212 514 2380 565 neque

301 583 450 637 alacri
472 603 530 635 eo
543 583 693 633 animi
716 583 887 650 vigore
907 583 1081 649 perfici
1104 596 1309 652 poterat,
1330 584 1417 654 qui
1438 602 1644 649 magnae
1657 582 1801 633 molis
1823 587 1964 656 operi
1985 604 2076 657 par
2090 601 2235 641 esset„
2264 587 2379 638 Dici

302 678 436 731 enim
458 694 561 726 non
590 687 769 747 potest,
807 688 858 724 ut
896 672 986 723 alia
1017 676 1282 725 innumera
1322 689 1508 725 taceam
1538 674 1916 748 impedimenta,
1955 692 2195 749 quantum
2222 678 2382 730 mole-

303 772 441 833 stiae,
476 771 631 819 immo
668 765 815 817 taedii
846 786 1012 818 secum
1043 766 1190 831 serat,
1230 768 1282 816 in
1312 769 1497 818 centies
1526 767 1782 840 explorata
1811 773 1989 821 centies
2019 769 2216 833 redire3
2255 790 2382 841 quae

303 861 413 927 plus
436 863 599 911 minus
620 879 830 932 operose
859 873 1031 931 parata
1060 873 1174 909 sunt
1203 856 1502 931 depingere,
1532 860 1740 934 depictis
1761 862 1902 930 siglas
1931 862 2232 927 inscribere,
2262 860 2382 912 dein

304 956 407 1005 aeri
438 951 720 1004 incidendis
750 954 940 1003 intenta
971 971 1092 1002 cura
1122 951 1404 1022 invigilare,
1435 955 1585 1005 incisa
1615 957 1795 1005 iterum
1816 957 2099 1027 iterumque
2122 956 2384 1025 corrigere

302 1062 349 1111 et
369 1044 666 1110 emendare,
707 1064 866 1118 porro
898 1043 962 1096 ad
992 1047 1195 1095 iconum
1226 1044 1639 1097 excudendarum
1670 1067 1793 1120 opus
1824 1046 2107 1117 regendum
2138 1050 2382 1119 frequen-

301 1154 377 1192 ter
398 1138 615 1202 adstare,
643 1157 823 1189 excusa
844 1140 1023 1211 passim
1044 1137 1296 1190 coloribus
1318 1154 1598 1204 exstruere,
1628 1154 1887 1213 praeterea
1909 1140 2241 1213 explicatione
2266 1139 2385 1190 illu-

303 1246 484 1294 strare,
515 1245 826 1297 postremum
857 1249 984 1302 quae
1014 1229 1104 1280 sub
1137 1232 1437 1303 typographi
1467 1231 1612 1305 prelo
1643 1231 1823 1284 sudant
1845 1233 2093 1285 multoties
2124 1233 2185 1284 ab
2208 1233 2383 1284 erratis

307 1342 620 1396 expurgare,
658 1337 806 1394 atque
835 1325 903 1372 ita
930 1341 1035 1372 non
1065 1321 1169 1374 dies
1200 1338 1468 1397 noctesque
1507 1323 1690 1391 solum,
1727 1325 1826 1378 vsed
1852 1329 2075 1398 integros
2104 1345 2298 1378 menses
2336 1338 2387 1376 et

305 1418 567 1475 continuos
599 1433 754 1465 annos
788 1413 964 1465 iisdem
994 1415 1144 1466 rebus
1164 1418 1441 1468 immorari.

439 1507 670 1560 Alterum
693 1527 839 1571 verO,
859 1506 1000 1579 quod
1019 1511 1173 1577 magis
1193 1509 1518 1581 probandum
1539 1510 1816 1576 videbatur,
1835 1515 1999 1564 minus
2021 1511 2315 1585 expeditum
2335 1528 2385 1560 se

303 1599 577 1675 praebuit,
598 1614 767 1667 utpote
803 1599 1054 1657 librorum
1083 1621 1358 1673 rerumque
1389 1603 1692 1655 naturalium
1730 1605 2057 1673 multiplicem
2096 1617 2388 1676 apparatum

305 1695 592 1762 efflagitans«.
663 1690 941 1744 Enimvero
970 1692 1080 1744 solis
1120 1693 1258 1744 libris
1301 1695 1618 1749 consulendis
1658 1717 1763 1749 non
1802 1713 1909 1750 erat
1948 1694 2385 1769 acquiescendum.

305 1785 569 1858 Siquidem
596 1785 754 1850 hisee,
784 1805 899 1837 cum
928 1805 1051 1859 pace
1084 1806 1397 1839 summorum
1429 1792 1660 1841 virorum
1691 1789 1932 1856 dixerim,
1963 1790 2027 1844 ad
2057 1792 2213 1841 nostri
2234 1807 2387 1857 argu-

306 1880 460 1930 menti
482 1898 562 1929 res
580 1878 858 1949 plurimum
878 1881 930 1928 in
950 1893 1211 1949 utramque
1232 1894 1424 1950 partem
1445 1881 1748 1948 disputatur,
1777 1883 1841 1934 de
1863 1884 2094 1933 omnibus
2115 1884 2389 1955 quaeritur,

307 1974 431 2023 certi
462 1989 642 2042 parum
671 1969 964 2019 affirmatur.
1036 1967 1191 2037 Igitur
1213 1985 1267 2021 ut
1287 1990 1313 2020 a
1334 1972 1553 2023 fontibus
1574 1977 1738 2045 potius
1760 1974 2040 2039 haurirem,
2070 1995 2221 2046 quam
2251 1976 2389 2026 rivu—

307 2062 379 2114 los
401 2077 731 2126 consectarer,
753 2061 884 2112 illam
903 2061 1024 2112 mihi
1046 2061 1205 2130 legem
1226 2067 1555 2136 positamesse
1574 2066 1816 2130 intellexi,
1838 2082 1889 2118 ut
1911 2071 2064 2140 ipsam
2086 2082 2199 2118 ante
2220 2068 2388 2117 omnia

308 2171 539 2208 naturam
560 2153 779 2218 adirem,
815 2169 963 2226 atque
994 2154 1111 2206 ideo
1144 2176 1202 2207 ex
1224 2156 1314 2207 hae
1336 2172 1507 2208 nostra
1526 2162 1832 2211 exoticarum
1853 2159 2193 2232 quarumlibet
2214 2179 2390 2216 rerum

309 2250 545 2323 penuria,
592 2250 885 2320 priusquam
924 2245 989 2299 de
1029 2253 1397 2302 commentariis
1436 2253 1489 2302 in
1528 2251 1692 2303 lucem
1729 2251 1938 2304 edendis
1977 2252 2166 2323 aliquid
2206 2267 2391 2303 statue-

310 2362 443 2405 rem,
483 2340 547 2392 ad
575 2340 783 2411 inclytos
821 2355 966 2412 atque
995 2340 1404 2414 locupletissimos
1442 2344 1674 2395 historiae
1702 2344 1940 2396 naturalis
1971 2344 2180 2396 aliarum
2222 2347 2389 2415 regio-

311 2453 429 2485 nem
461 2433 716 2485 thesauros
745 2453 825 2484 me
856 2434 1162 2485 conferrem.

448 2525 621 2588 Quae,
642 2527 881 2596 quoniam
902 2524 966 2576 ad
986 2527 1227 2578 incertam
1249 2529 1407 2579 futuri
1430 2533 1669 2602 temporis
1692 2533 2115 2604 opportunitatem
2137 2544 2280 2582 erant
2301 2529 2389 2580 ab·

308 2617 550 2689 leganda,
588 2619 779 2669 interea
811 2636 934 2690 opus
957 2632 1182 2670 nostrum
1211 2622 1277 2671 ita
1299 2620 1363 2672 ad
1383 2622 1535 2674 finem
1563 2620 1953 2696 perducendum
1983 2625 2177 2696 putavi,
2207 2638 2283 2687 ut,
2314 2624 2388 2673 sui

313 2708 694 2784 quodammodo
723 2710 872 2781 juriS,
910 2729 1078 2782 neque
1107 2716 1380 2764 necessaria
1408 2731 1551 2787 parte
1574 2716 1788 2782 orbum,
1817 2735 1982 2788 neque
2002 2715 2156 2767 veluti
2176 2715 2391 2788 disjectis

314 2803 552 2856 membris
582 2802 818 2854 difforme
849 2817 986 2854 esset.
1059 2803 1242 2870 Quod,
1272 2823 1518 2878 quantum
1537 2829 1630 2882 per
1657 2808 2056 2881 aequabilitatem
2077 2811 2311 2859 universo
2332 2807 2392 2857 li-

316 2895 413 2952 bro
443 2895 742 2946 servandam
760 2895 921 2957 licuit,
950 2894 1177 2966 pleniore
1196 2898 1364 2968 paullo
1386 2902 1668 2968 figurarum
1692 2903 2140 2973 interpretatione,
2175 2902 2393 2950 interca-

318 2987 425 3038 latis
454 2990 630 3060 passim
652 2985 1082 3039 observationibus
1112 3002 1159 3038 et
1181 3010 1301 3058 prae
1325 2995 1502 3042 ceteris
1531 2993 1800 3064 frequente
1834 2994 2086 3053 affinium,
2115 2990 2192 3043 vel
2212 3006 2390 3043 mutuo

312 3099 422 3131 sese
442 3079 822 3144 illustrantium,
852 3078 1083 3132 locorum
1105 3084 1339 3134 citatione
1358 3084 1481 3134 mihi
1501 3084 1681 3136 videor
1704 3086 1939 3136 effecisse.

451 3172 601 3229 Hisce
622 3174 824 3223 interim
846 3186 1011 3237 utere,
1039 3177 1177 3246 quasi
1206 3179 1575 3227 commentariis
1606 3175 1947 3230 diffusioribus
1976 3196 2150 3229 carere
2179 3175 2386 3229 debuis-

322 3279 446 3320 sent.
517 3264 623 3318 Nec
653 3264 813 3337 plura.
852 3264 997 3316 Vale!

459 3356 621 3412 Scrib.
657 3355 856 3422 vilnae,
892 3357 1138 3430 postridie
1169 3359 1286 3412 Idus
1316 3361 1469 3413 Julias
1497 3364 1640 3414 1821.

1833 3488 1879 3523 L.
1905 3489 1954 3523 H
1980 3488 2230 3522 BOJANUS.
