2693 4077
2349 333 2371 374 271

2376 333 2398 373 (sl

796 346 1134 373 Efochrrro
1166 344 1278 370 TAB.
1300 344 1426 370 xxix.
1458 344 1560 370 mc.
1592 329 1792 370 163164.
1820 329 1907 370 165.
2325 347 2339 372 1
2378 351 2381 357 ·

433 443 494 478 Izlz.
523 441 594 476 Ubi
617 443 711 487 juxta
730 439 961 487 posteriorem
992 438 1222 487 (inferiorem)
1251 437 1399 471 musculi
1421 436 1658 471 constrictoris
1680 436 1870 483 marginem
1897 436 2020 483 pergit.

431 510 501 543 hlz‘.
533 509 600 543 Ubi
624 508 746 541 ultima
774 519 858 540 vena
881 505 1084 549 coronaria,
1119 504 1276 539 absoluta
1297 503 1349 538 via
1372 504 1502 538 circum
1526 503 1686 548 arterias,
1713 503 1748 536 in
1776 502 1890 537 sinum
1914 515 2139 537 communem
2160 515 2328 539 venosum
2350 506 2400 539 in-

490 576 576 609 fluit.
603 576 660 622 (cf.
683 573 954 620 figg.106.178.
983 571 1066 618 lzlz'.)

426 645 451 676 ¹.
516 640 659 676 Surculi
690 638 828 681 venosi,
866 651 907 672 ex
945 638 1110 672 inferiore
1131 636 1215 671 facie
1237 637 1420 671 ventriculi
1441 635 1556 670 cordis
1577 635 1619 671 ad
1641 646 1806 671 truncum
1828 649 1932 672 venae
1952 637 2152 673 coronariae
2175 638 2398 673 confluentes

430 710 494 743 '‘'.¹''.
521 706 662 741 Surculi
681 705 820 749 venosi,
845 717 864 739 e
885 704 1016 752 pariete
1046 702 1161 738 cordis
1182 704 1382 750 superiore,
1410 703 1545 738 eodem.

1106 857 1448 889 FIGURA
1524 840 1632 889 164.

437 977 510 1010 Cor
527 988 551 1009 a
568 987 691 1020 prona
718 981 837 1019 ,parte
863 980 1047 1019 apertam.
1103 973 1210 1006 Vasa
1229 975 1379 1017 majora
1398 974 1634 1018 aliquantam
1660 978 1844 1007 truncata.
1887 971 2045 1006 Arteria
2059 974 2292 1018 palmonalis
2313 986 2405 1008 com-

382 1044 523 1084 manis,
552 1049 587 1075 et
609 1054 690 1075 cam
710 1055 755 1074 ea
781 1042 968 1074 masculas·
989 1041 1210 1073 constr-ictor
1236 1041 1488 1079 arteriarum,
1516 1040 1644 1072 incisa.

328 1108 372 1143 Α.
400 1106 724 1143 Ventriculicordis
738 1107 862 1154 paries,
889 1106 1033 1140 luminis
1050 1105 1260 1140 diametrum
1274 1105 1425 1140 crassitie
1446 1106 1517 1139 fere
1533 1117 1692 1152 aequans.
1720 1103 1903 1148 Lacunae,
1930 1105 2116 1139 trabeculis
2128 1105 2276 1148 carneis,
2300 1119 2317 1139 e
2332 1106 2408 1153 qui-

377 1176 439 1209 bus
450 1173 567 1208 cordis
583 1174 727 1220 parietes
751 1173 902 1206 contexti
917 1183 1011 1216 sunt,
1032 1173 1249 1218 interjectae,
1274 1181 1306 1206 et
1329 1172 1398 1206 hoc
1423 1172 1675 1206 sectionisloco
1693 1181 1724 1205 et
1748 1171 1782 1204 in
1810 1171 1886 1218 ipso
1910 1172 2091 1205 ventriculi
2106 1185 2189 1206 cavo
2210 1183 2408 1207 cernuntur.

336 1241 503 1275 A*.A**.
536 1240 672 1274 Lumen
693 1239 877 1272 ventriculi
903 1238 1036 1281 cordis,
1071 1252 1129 1273 seu
1153 1252 1275 1273 cavum
1300 1241 1469 1280 unicum,
1499 1251 1682 1285 perperam
1709 1236 1859 1272 divisum
1889 1237 2031 1272 dictum.
2084 1238 2149 1273 A*.
2177 1239 2343 1273 Recessus
2365 1240 2411 1272 si-

381 1307 498 1341 nister.
552 1306 640 1339 A**.
667 1304 833 1339 Recessus
860 1303 990 1338 dexter.
1045 1304 1203 1351 Uterque
1237 1314 1331 1339 retro
1356 1305 1569 1338 trabeculam
1591 1304 1636 1350 (c)
1664 1305 1844 1337 confluens
1865 1313 1896 1338 et
1920 1304 2116 1339 continuus.
2170 1305 2283 1347 Quam
2320 1306 2408 1339 inter

381 1382 573 1419 utrumque
597 1384 769 1406 recessum
799 1383 945 1419 prorsus
967 1380 1143 1418 patentem
1170 1371 1278 1412 viam,
1304 1382 1373 1409 seta
1396 1373 1447 1416 (cl)
1470 1379 1569 1404 retro
1601 1370 1816 1404 trabeculam
1847 1372 2043 1406 transmissa
2063 1371 2201 1406 indicat.
2249 1371 2411 1419 (Mamfe.

382 1449 469 1473 stam
492 1439 637 1474 eandem
669 1439 757 1473 viam
780 1437 859 1472 vide
880 1450 962 1471 mox
985 1437 1448 1485 figg.165.169.A³⁶.A**.)

334 1504 373 1539 B.
386 1505 436 1541 B'.
465 1506 636 1540 Auricula
657 1504 772 1539 cordis
799 1504 935 1538 sinistra
955 1513 988 1538 et
1009 1503 1139 1538 (lextra.

333 1580 414 1610 RB,
439 1570 621 1606 Musculus
642 1571 853 1605 consti-ictor
873 1570 1079 1605 arteriarum
1102 1570 1278 1605 dissectus.

332 1638 378 1671 A.
405 1637 545 1672 Arteria
567 1651 692 1684 magna
714 1637 921 1671 communis„
974 1638 1030 1671 A‘.
1059 1637 1171 1671 Aorta
1191 1636 1322 1672 dextra.
1374 1637 1420 1671 B.
1446 1634 1560 1672 Aorta
1579 1635 1724 1672 sinistra.

337 1704 374 1737 C.
404 1704 544 1739 Arteria
576 1703 788 1752 pulmonalis
819 1703 1031 1745 communiS,
1069 1703 1104 1737 in
1129 1704 1279 1751 longum
1297 1704 1404 1738 incisa
1424 1703 1544 1749 hians,
1572 1692 1726 1738 {valvulas
1751 1702 1864 1739 adsui
1885 1703 2038 1740 radicem
2062 1706 2189 1753 positas
2214 1715 2246 1740 et
2268 1704 2402 1739 aditum

384 1771 428 1806 ad
460 1771 621 1805 arteriam
654 1770 894 1819 pulmoualem
928 1769 1082 1804 dextram
1112 1769 1271 1804 ostendit.
1331 1771 1423 1804 C'.1.
1449 1770 1588 1805 Arteria
1610 1772 1822 1818 pulmonalis
1843 1772 1988 1808 sinistra.
2047 1773 2101 1806 C‘.
2128 1773 2203 1807 Art.
2225 1773 2414 1820 pulmona-

382 1838 425 1872 lis
445 1837 574 1871 dextra.
633 1838 693 1871 C*.
722 1837 857 1870 Ductus
876 1836 1064 1870 arteriosus
1084 1835 1224 1871 Bataui.

338 1905 386 1938 D.
409 1903 545 1938 Arteria
569 1903 751 1937 subclnvia.
803 1904 847 1937 E.
876 1902 1021 1936 Carotis.

344 1985 376 2005 a.
405 1970 543 2004 Ostium
565 1971 707 2004 arteriae
728 1969 942 2017 pulmonalis
962 1968 1119 2013 dex-trae,
1146 1968 1179 2003 in
1201 1978 1317 2016 aperta
1338 1970 1462 2003 arteria
1488 1969 1684 2017 pulmonali
1706 1970 1888 2004 communi
1907 1970 2146 2017 conspicuum.

339 2038 369 2072 b.
399 2036 569 2071 Valvulae
601 2038 717 2080 binae,
753 2036 890 2069 initium
921 2036 1068 2069 arteriae
1093 2035 1305 2082 pulmonalis
1329 2036 1526 2070 communis
1548 2035 1803 2081 custodientes3
1831 2050 1983 2083 quarum
2004 2036 2112 2071 altera
2136 2036 2287 2084 integra,
2314 2036 2415 2072 dimi-

388 2102 498 2147 diata,
525 2104 676 2137 sectione
697 2104 800 2146 facta,
829 2102 954 2145 altera,
982 2100 1023 2134 ad
1049 2110 1237 2148 utrumque
1258 2101 1346 2135 latus
1368 2102 1507 2148 prioris.

444 2169 516 2217 (Ad
536 2183 683 2217 quarum
706 2169 923 2203 valvularum
945 2182 1025 2202 cum
1048 2167 1161 2202 cordis
1180 2168 1329 2202 ossiculo
1352 2181 1480 2203 nexum
1502 2168 1771 2216 intelligendum
1800 2170 1841 2204 cf.
1865 2171 1948 2217 figg.
1968 2183 2007 2214 17
2020 2182 2045 2203 1.
2070 2179 2103 2204 ct
2128 2181 2204 2213 172.
2222 2169 2264 2216 lv.)

336 2249 363 2270 c.
392 2235 587 2271 Trabecula
618 2227 740 2270 carnea
767 2249 785 2269 a
804 2235 988 2269 ventriculi
1010 2234 1125 2268 cordis
1147 2235 1273 2281 pariete
1305 2234 1468 2269 adversus
1502 2237 1701 2270 ossiculum
1720 2238 1843 2271 cordis
1881 2237 1979 2283 (figg.
1996 2236 2201 2282 170—172)
2229 2235 2273 2269 ita
2295 2248 2416 2283 porre·

385 2312 456 2344 cta,
483 2312 520 2336 ut
539 2305 610 2348 ejus
631 2301 764 2347 apicem
784 2301 1012 2347 amplectatur
1033 2310 1135 2347 atque
1156 2299 1353 2348 suspendat.
1821 2348 1824 2351 .

339 2372 418 2404 aad.
445 2368 524 2403 Seta
558 2377 650 2403 retro
683 2367 894 2400 trabeculam
928 2379 1088 2400 carneam
1110 2380 1171 2414 per
1191 2365 1307 2401 cordis
1326 2379 1449 2401 cavum
1469 2368 1631 2413 trajecta,
1658 2377 1850 2416 utrumque
1872 2366 1988 2403 cordis
2005 2381 2182 2404 recessum
2218 2369 2295 2417 (A*.
2316 2369 2418 2416 Ast.)

390 2447 520 2482 magno
542 2433 640 2468 hiatu
662 2436 889 2479 conjunctum
911 2446 981 2467 esse
1007 2433 1172 2480 probans.

340 2517 368 2537 e.
396 2501 473 2542 Qua
496 2501 550 2535 via
571 2509 663 2548 patet
687 2513 705 2534 e
721 2512 856 2533 recessu
880 2498 994 2532 cordis
1016 2499 1139 2533 dextro
1160 2500 1320 2534 introitus
1342 2500 1376 2534 in
1401 2500 1541 2534 arterias
1562 2510 1684 2535 aortas.

327 2570 410 2614 fg.
440 2567 571 2602 Valvae
593 2567 628 2600 in
650 2564 764 2600 cordis
785 2565 980 2599 ventriculo
1003 2563 1047 2599 ad
1069 2565 1239 2600 atriorum
1259 2565 1392 2600 exitum
1413 2580 1601 2613 appensae,
1628 2567 1794 2614 singulae.

442 2636 472 2678 f.
500 2633 613 2667 Valva
636 2632 715 2666 atrii
739 2631 969 2678 pulmoualiS,
996 2644 1056 2665 seu
1078 2632 1250 2666 auriculae
1273 2632 1440 2667 sinistrae.

442 2714 479 2747 g.
507 2699 617 2733 Valva
645 2697 734 2732 atrio
768 2709 935 2731 venarum
966 2710 1145 2741 cavarum,
1181 2711 1241 2733 seu
1262 2698 1436 2733 auriculae
1455 2697 1613 2742 dextrae,
1639 2699 1675 2732 in
1698 2699 1931 2733 ventriculum
1951 2698 2068 2733 cordis
2092 2699 2222 2743 hianti,
2249 2700 2416 2748 adposita.

509 2764 664 2811 Utraque
698 2762 855 2810 turgida,
891 2764 1024 2808 inflata,
1051 2764 1163 2811 qualis
1183 2764 1363 2811 sanguinis
1384 2765 1557 2799 affluentis
1582 2764 1749 2812 impulsui
1771 2765 1879 2809 cedit,
1907 2764 2051 2812 depicta.
2104 2765 2281 2812 (Easdem,
2309 2782 2326 2802 a
2349 2777 2418 2802 ter-

509 2844 554 2879 go
578 2829 657 2865 vide
679 2830 738 2875 fig.
756 2831 833 2870 167.
862 2840 894 2864 et
912 2843 992 2864 mox
1014 2830 1082 2864 alio
1105 2829 1172 2863 situ
1191 2828 1250 2876 fig.
1268 2830 1360 2876 169.)

343 2919 375 2938 α.
399 2899 473 2934 Ubi
493 2910 580 2946 apex
600 2895 739 2932 ossiculi
760 2895 892 2942 cordis,
919 2896 982 2931 sub
1004 2896 1166 2944 amplexu
1189 2897 1385 2932 trabeculae
1402 2910 1547 2944 carneae
1572 2897 1665 2932 latet.

1111 3049 1451 3082 FIGURA
1527 3033 1635 3082 165.

455 3170 528 3202 Cor
545 3170 673 3202 eodem
690 3167 808 3200 latere
827 3167 1002 3211 inferiore
1023 3172 1196 3211 apertam
1205 3179 1218 3207 ,-
1245 3172 1346 3199 secta
1364 3165 1556 3199 trabecula
1574 3166 1771 3200 ossiculum
1787 3167 1912 3199 cordis
1915 3165 2101 3208 firmante
2117 3177 2273 3208 carnea,·
2300 3167 2419 3203 incisa

398 3247 481 3268 cum
500 3236 664 3269 masculo
683 3234 921 3267 constrictore
939 3240 1050 3267 aorta
1070 3233 1234 3266 sinistra.
1270 3232 1446 3277 Semper
1457 3232 1715 3277 pulmonalem
1735 3233 1918 3266 arteriam
1939 3234 2061 3266 ducta.
2090 3232 2171 3266 Rel.
2197 3239 2236 3265 at
2255 3234 2293 3266 ιἸι
2308 3246 2420 3279 prae-

401 3302 551 3334 cedente
560 3302 702 3346 figura.

347 3365 490 3399 A.B.B.
504 3367 545 3406 B.
571 3367 618 3400 A.
630 3366 686 3400 A‘.
699 3367 744 3399 B.
762 3366 809 3398 C'.
824 3366 879 3399 ΟΩ
895 3366 956 3400 C*.
971 3367 1020 3400 D.
1033 3367 1092 3408 E.‚
1121 3374 1157 3398 ut
1177 3377 1281 3411 supra
1305 3365 1364 3412 fig.
1380 3365 1458 3398 164.

355 3431 521 3465 A*.A**.
550 3431 749 3466 Ventriculi
780 3430 896 3466 cordis
928 3445 1067 3475 cavum,
1103 3430 1262 3475 unicum,
1298 3443 1368 3465 non
1391 3429 1560 3478 divisum,
1588 3444 1723 3467 recessu
1744 3429 1869 3467 dextro
1891 3432 1926 3467 in
1950 3432 2124 3468 sinistrum
2148 3434 2327 3478 continua,
2357 3445 2419 3467 nec

402 3498 616 3544 interrupta,
642 3498 696 3532 via
712 3498 918 3532 confluente.

354 3565 428 3598 c.c'.
455 3562 670 3598 Trabeculae
687 3575 844 3605 carneae,
871 3577 889 3596 a
906 3563 1022 3598 cordis
1039 3564 1178 3598 interno
1195 3561 1325 3610 pariete
1344 3561 1387 3597 ad
1404 3564 1591 3599 ossiculum
1610 3564 1726 3599 cordis
1745 3575 1944 3612 porrectae,
1972 3566 2129 3602 residuae
2149 3575 2272 3614 partes.
2301 3578 2327 3599 c.
2350 3564 2421 3599 Ubi

405 3630 539 3677 apicem
559 3629 699 3663 ossiculi
718 3629 816 3663 vestit
835 3643 915 3677 pars
937 3640 1094 3665 truncata
1115 3630 1322 3665 trabeculae.
1377 3632 1412 3664 c'.
1440 3629 1512 3665 Ubi
1533 3629 1707 3666 radicabat
1729 3631 1765 3666 in
1789 3631 1906 3668 cordis
1926 3633 2065 3680 pariete.

1974 3695 2019 3715 ao
