2693 4077
834 339 1171 367 EXPLICATIO
1201 339 1467 366 TAB.XX1X.
1498 325 1921 383 F1G.167.168.169.
2335 332 2407 387 157

336 447 373 480 g.
400 433 513 469 Valva
537 448 626 483 quae
648 435 725 470 atrii
745 434 858 468 dextri
884 433 1012 467 ostium
1032 442 1169 476 tuetur3
1197 432 1366 480 collapsa,
1393 433 1507 480 qualis
1527 443 1685 481 tempore
1707 434 1954 469 contractionis
1977 435 2159 470 ventriculi
2187 437 2313 472 cordis.

443 501 634 550 Utriusque
662 502 738 536 atrii
771 500 856 535 ostia
889 499 932 533 ad
951 498 1068 534 cordis
1088 498 1321 534 ventriculum
1353 498 1530 544 ducentia,
1557 500 1737 548 superiore
1761 500 1936 535 valvarum
1962 502 2120 549 margine
2139 505 2411 551 conspiciuntur·

388 569 445 613 (cf.
458 570 518 615 fig.
536 569 614 602 168.
628 582 661 603 n.
676 570 719 613 ο.)

339 635 361 668 l.
390 633 562 670 Valvulae
583 634 670 669 duae
693 633 807 668 sinum
830 645 999 667 venosum
1020 632 1108 667 inter
1134 643 1167 667 et
1190 632 1315 666 atrium
1339 632 1512 667 dextrum.
1547 631 1637 680 (vide
1658 646 1763 680 supra
1784 634 1844 680 fig.
1860 635 1956 681 166.)

338 714 384 735 m.
414 700 554 735 Ostium
580 701 750 735 venarum
780 699 1038 747 pulmonalium
1071 698 1114 732 ad
1147 698 1271 732 atrium
1295 699 1473 733 sinistrum
1497 709 1635 746 patensz,
1664 700 1838 744 lunatum,
1866 702 1995 748 absque
2018 701 2135 744 valva3
2163 702 2254 736 intus
2275 703 2414 750 conspi-

387 780 454 801 cuo
485 767 642 815 paullum
672 776 772 814 septo
804 764 920 801 medio
951 765 1204 809 auricularum,
1239 765 1337 813 quod
1371 780 1389 800 a
1416 765 1539 800 dextro
1570 766 1658 800 atrio
1684 766 1920 801 sinistrorsum
1942 769 2128 815 prominet.
2165 771 2220 818 (cs.
2245 783 2326 806 mox
2352 772 2410 818 fig.

398 834 592 881 168.m.p.)

1131 986 1468 1018 FIGURA
1544 968 1650 1019 168.

441 1103 556 1137 Atria
581 1104 721 1143 cordis,
750 1115 774 1136 α
794 1109 920 1147 tergm,-
947 1102 1125 1147 appensis
1147 1103 1271 1135 valvis
1294 1103 1333 1135 in
1355 1103 1602 1136 ventriculum
1620 1103 1746 1136 cordis
1760 1104 1986 1148 pronitas-iffi
2014 1104 2097 1137 sinu
2120 1115 2255 1138 cenoso
2278 1104 2416 1146 ablato,

391 1171 561 1203 auricula
582 1171 736 1202 sinistra
757 1177 792 1202 et
812 1171 915 1202 cenis
933 1169 1211 1213 plclrnonalilms
1229 1170 1364 1202 incisis.

341 1234 380 1268 Β.
408 1235 577 1269 Auricula
608 1235 742 1268 sinistra
766 1244 893 1280 aperta.
946 1234 995 1268 B'.
1023 1234 1191 1267 Auricula
1213 1234 1343 1269 dextra.

338 1313 398 1334 aa.
412 1315 472 1334 acc.
501 1301 620 1334 Venae
644 1299 872 1346 pulmonales.
929 1299 997 1333 Ubi
1019 1300 1145 1333 atrium
1169 1300 1346 1334 sinistrum
1365 1300 1531 1335 adeuntes
1551 1306 1830 1350 conjunguntur,
1858 1313 2013 1352 apertae,
2039 1304 2165 1338 ostium
2190 1304 2348 1338 lunatum
2368 1304 2418 1351 (in
2436 1341 2445 1350 Ι

391 1365 460 1400 hoc
483 1366 608 1400 atrium
629 1365 742 1412 hians)
765 1365 947 1409 exhibent,
973 1366 1088 1413 aliqua
1112 1375 1207 1413 parte
1228 1367 1426 1410 occlusum,
1453 1368 1573 1401 subtus
1593 1379 1757 1415 porrecto
1776 1380 1874 1416 septo
1893 1371 2063 1404 atriorum
2086 1370 2211 1406 medio.
2240 1371 2303 1419 (p.)

334 1433 372 1474 f.
401 1431 529 1475 Valva,
558 1433 599 1466 ab
622 1432 701 1466 atrii
722 1432 850 1467 sinistri
870 1431 959 1466 ostio
979 1433 1015 1466 in
1037 1432 1153 1466 cordis
1174 1433 1408 1468 ventriculum
1428 1443 1597 1481 porrecta.
1624 1435 1679 1482 (cf.
1700 1436 1783 1481 figg.
1802 1436 1972 1469 161165.
1992 1436 2083 1482 167.)

335 1510 374 1543 g.
402 1498 523 1532 Altera
546 1499 645 1533 valva
667 1498 781 1533 dextri
801 1499 880 1533 atrii
904 1499 1008 1538 ostio,
1036 1498 1080 1532 ad
1100 1499 1335 1534 ventriculum
1352 1499 1472 1534 cordis
1492 1499 1651 1546 ducenti,
1678 1514 1840 1549 appensa.
1868 1501 1981 1551 (ibid.)

339 1566 362 1597 l.
390 1563 539 1597 Valvula
563 1564 710 1612 duplex,
738 1566 770 1599 in
794 1565 939 1599 introitu
961 1565 1038 1599 atrii
1061 1564 1181 1600 dextri.
1211 1568 1265 1614 (cf.
1288 1568 1347 1614 fig.
1363 1567 1453 1614 166.)

339 1644 385 1664 m.
414 1630 534 1664 Exitus
557 1644 575 1665 e
591 1632 687 1665 venis
710 1632 973 1678 pulmonalibus
994 1632 1027 1665 in
1050 1632 1177 1666 atrium
1198 1632 1377 1667 sinistrum
1400 1647 1418 1668 e
1437 1643 1535 1680 parte
1558 1632 1908 1682 dextra-aliquantum
1922 1636 2121 1682 obturatus,
2140 1647 2239 1685 septo
2251 1636 2422 1672 atriorum

389 1696 508 1731 medio
530 1698 767 1732 accumbente.
823 1696 987 1732 Ceterum
1011 1697 1116 1732 nullis
1138 1698 1284 1732 valvulis
1302 1699 1468 1734 munitus.

338 1775 373 1796 n.
401 1762 541 1797 Ostium
565 1777 606 1797 ex
627 1764 714 1798 atrio
735 1764 874 1799 sinistro
894 1763 1130 1799 ventriculum
1147 1764 1265 1799 cordis
1290 1776 1409 1800 versus
1432 1776 1569 1813 patens,
1593 1780 1700 1815 supra
1724 1768 1871 1804 valvam.

345 1842 376 1862 0.
405 1828 537 1863 Similis
559 1830 613 1863 via
633 1830 710 1864 atrii
732 1829 846 1864 dextri
872 1829 915 1864 ad
935 1830 1085 1865 eundem
1109 1830 1224 1865 cordis
1241 1832 1492 1876 ventriculum,
1519 1833 1618 1867 alteri
1637 1835 1754 1868 valvae
1773 1835 1833 1882 (g.)
1853 1835 2103 1870 circumducta.

339 1907 376 1940 p.
404 1895 549 1942 Septum
581 1895 753 1939 medium,
793 1896 959 1930 atriorum
990 1897 1138 1931 alterum
1170 1897 1211 1931 ab
1235 1898 1345 1932 altero
1367 1897 1555 1943 dirimens,
1583 1912 1624 1933 ex
1650 1901 1737 1934 atrio
1756 1900 1881 1935 dextro
1907 1901 2084 1937 sinistrum
2109 1913 2229 1936 versus
2255 1902 2420 1950 pendens,

394 1971 433 1995 ut
464 1975 547 1995 cavo
578 1961 689 1995 dextri
721 1963 799 1997 atrii
831 1962 1034 2009 spatiosiore
1064 1963 1169 2006 facto,
1208 1964 1385 1998 sinistrum
1413 1975 1572 2012 angustet
1593 1975 1696 2014 atque
1717 1967 1753 2001 in
1782 1968 1859 2014 ipso
1882 1981 2050 2003 venarum
2070 1969 2350 2016 pulmonalium,
2373 1970 2416 2004 ad

394 2028 521 2062 atrium
542 2028 758 2063 tendentium
772 2055 781 2073 ,
809 2030 898 2063 ostio
918 2029 1038 2063 lunato
1058 2030 1132 2077 (m.)
1151 2029 1382 2077 aliquomodo
1405 2041 1579 2066 cernatur.

1114 2183 1454 2216 FIGURA
1535 2169 1644 2235 169.

449 2297 584 2330 Cor-dis
614 2297 812 2329 ventriculi
839 2303 876 2329 et
894 2297 1152 2331 auricularum
1176 2310 1270 2331 cava
1281 2311 1295 2341 ,·
1323 2300 1443 2341 ostia;
1470 2300 1616 2333 valvae.
1667 2300 1783 2334 Atria
1803 2308 1839 2334 et
1859 2304 1983 2335 cordis
2005 2304 2231 2337 ventriculus
2250 2304 2297 2337 ab
2320 2312 2423 2338 (mte—

393 2363 493 2404 ricffe
515 2370 650 2408 aperta
662 2377 675 2405 ,·
702 2364 831 2396 recisis
854 2376 935 2396 cum
957 2365 1088 2408 aliqua
1103 2371 1215 2408 parte
1232 2366 1395 2409 parietis
1420 2367 1563 2406 cordis,
1592 2369 1822 2401 arteriarmn
1845 2369 2013 2402 omnibus
2036 2372 2186 2403 truncis.

343 2427 386 2461 A.
414 2428 531 2462 Paries
565 2429 709 2463 inferior
741 2429 922 2463 ventriculi
954 2429 1070 2463 cordis
1096 2430 1228 2466 scissus.
1282 2430 1441 2477 Crassus,
1467 2432 1654 2467 trabeculis
1674 2433 1808 2467 carneis
1830 2434 2025 2468 numerosis
2046 2430 2235 2470 introrsum
2260 2438 2422 2471 exstanti-

392 2495 472 2538 bus,
499 2495 712 2542 interpositis
733 2495 858 2542 passim
885 2495 1028 2530 lacunis.

343 2561 408 2595 A*.
423 2560 509 2595 A**.
539 2560 672 2596 Cavum
691 2561 877 2599 ventriculi
898 2560 1014 2596 cordis
1036 2562 1195 2608 unicum,
1222 2565 1444 2599 transversim
1465 2575 1606 2613 patens,
1635 2578 1768 2601 recessu
1798 2567 1936 2602 sinistro
1968 2577 2001 2602 et
2022 2567 2143 2603 dextro
2165 2570 2422 2605 confluentibus

390 2638 494 2675 atque
523 2627 704 2662 coutinuis.

338 2693 378 2728 Β.
407 2694 577 2728 Auricula
612 2693 763 2737 sinistra,
799 2704 1001 2729 antrorsum
1029 2705 1166 2742 aperta3
1202 2696 1313 2731 altero
1345 2697 1451 2742 ostio,
1489 2697 1604 2742 nudo,
1630 2699 1702 2746 (m.)
1726 2711 1828 2733 venas
1855 2700 2077 2746 pulmonales
2107 2715 2275 2748 appensas
2297 2703 2426 2750 excipi-

391 2774 468 2804 ens,
495 2761 529 2795 in
550 2759 666 2794 cordis
686 2761 921 2796 ventriculum
940 2761 1042 2796 hians
1065 2763 1192 2806 altero,
1219 2763 1316 2797 valva
1340 2763 1526 2799 custodito.
1555 2766 1614 2812 (s)

345 2827 395 2861 B'.
423 2826 592 2861 Auricula
613 2825 750 2870 dextra,
776 2826 908 2875 duplici
931 2829 1058 2875 pariter
1082 2829 1171 2863 ostio
1195 2830 1382 2874 instructa,
1410 2830 1789 2877 alterointroducente,
1811 2831 1900 2866 inter
1920 2833 2076 2867 valvulas
2097 2833 2191 2868 sinus
2210 2836 2346 2880 venosi,
2375 2836 2422 2884 (l)

394 2893 561 2928 educente
581 2893 706 2935 altero,
733 2892 777 2927 ad
799 2894 915 2929 cordis
938 2895 1190 2939 ventriculum,
1217 2900 1312 2942 juxta
1342 2897 1487 2932 valvam.
1518 2898 1578 2946 (g.)

455 2961 618 2994 Ceterum
651 2959 833 3008 utriusque
868 2961 1044 2998 auriculae
1075 2962 1187 3010 paries
1216 2976 1235 2996 a
1265 2963 1449 2998 ventriculi
1479 2963 1598 3000 cordis
1630 2965 1780 3000 crassitie
1803 2965 1995 3013 plurimum
2018 2966 2130 3010 abest3
2158 2968 2272 3002 tenuis
2294 2968 2424 3015 potius,

394 3028 510 3069 laxus,
545 3040 770 3074 summopere
800 3027 986 3064 dilatabilis
1007 3039 1040 3064 et
1062 3029 1293 3073 contractilis,
1313 3031 1500 3065 trabeculis
1520 3040 1635 3066 tamen
1656 3032 1807 3076 carneis,
1834 3032 1947 3080 iisque
1969 3031 2198 3079 aliquomodo
2222 3035 2422 3080 reticulatis,

393 3104 585 3128 COI][EX[US.

347 3173 478 3193 meaa.
507 3160 626 3195 Venae
656 3161 876 3208 pulmonales
901 3163 936 3197 in
957 3163 1084 3197 atrium
1103 3163 1281 3197 sinistrum
1303 3161 1508 3199 desinentes.
1560 3163 1633 3200 Ubi
1653 3166 1839 3200 confluunt.
1857 3165 1998 3210 incisae,
2026 3175 2063 3199 ut
2092 3178 2280 3201 commune
2301 3181 2421 3203 earum

398 3225 559 3261 ultimum
580 3227 727 3271 ostium,
751 3228 785 3261 in
807 3229 999 3264 auriculam
1019 3229 1253 3277 ducens,(m.)
1276 3229 1447 3277 adpareat.

348 3292 383 3324 c'.
416 3290 484 3325 Ubi
507 3306 524 3325 a
544 3294 673 3340 pariete
694 3293 808 3328 cordis
832 3296 936 3330 recisa
961 3306 1010 3330 est
1031 3296 1205 3330 trabecula
1228 3310 1368 3339 carnea,
1396 3296 1585 3332 ossiculum
1605 3296 1721 3333 cordis
1740 3310 1857 3333 versus
1879 3298 2071 3347 introrsum
2094 3309 2265 3347 porrecta.
2303 3301 2422 3348 (Cujus

396 3359 504 3404 partis
529 3360 659 3393 mentio
682 3361 769 3393 facta
793 3369 842 3394 est
860 3374 962 3409 supra
982 3364 1067 3409 ssgg.
1086 3362 1163 3395 164.
1182 3363 1258 3396 165.
1272 3376 1300 3396 c.
1314 3363 1364 3409 ε’.)

344 3425 374 3466 f.
403 3423 514 3458 Vulva
535 3424 579 3458 ad
598 3426 729 3460 exitum
750 3426 828 3460 atrii
851 3427 976 3462 sinistri
999 3429 1033 3462 in
1053 3426 1167 3462 cordis
1188 3428 1446 3474 ventriculum3
1473 3429 1642 3478 collapsa,
1668 3430 1821 3465 flaccida.
1849 3431 1904 3479 (cf.
1929 3433 2012 3479 figg.
2042 3433 2119 3466 164.
2142 3433 2219 3467 165.
2243 3433 2414 3477 167.168.

345 3503 383 3535 g.
413 3489 543 3524 Similis
563 3491 679 3535 valva,
706 3505 819 3539 prope
840 3493 969 3528 exitum
991 3507 1032 3528 ex
1053 3495 1140 3528 atrio
1163 3494 1286 3528 dextro
1306 3494 1342 3528 in
1365 3493 1480 3530 cordis
1501 3497 1756 3541 ventriculum,
1783 3498 1940 3545 collapso
1963 3497 2082 3533 itidem
2105 3499 2184 3533 situ:
2209 3498 2316 3547 (ibid.)

349 3558 372 3590 l.
400 3555 550 3597 Valvnla
584 3556 732 3605 duplex,
771 3556 922 3594 reditum
959 3574 1000 3595 ex
1029 3559 1126 3595 aditu
1156 3559 1280 3597 dextro
1302 3561 1337 3597 in
1358 3561 1474 3597 sinum
1494 3576 1662 3599 venosum
1684 3562 1898 3612 impediens,
1925 3565 1967 3599 ab
1992 3565 2166 3601 interiore.
2221 3565 2426 3600 Extrorsum

401 3622 541 3659 casdem
562 3621 716 3670 depictas
738 3623 815 3659 vide
839 3626 922 3673 figg.
944 3627 1164 3661 166....168.

1947 3682 2022 3714 40*
