2693 4077
282 350 356 392 150
492 366 497 372 ’
796 361 1136 388 EXPLICATIO
1168 361 1283 388 TAB.
1306 362 1466 390 xxvm.
1509 363 1610 389 FIG.
1638 349 1724 390 158.
1758 350 1845 406 159.

381 472 415 493 α.
442 455 543 491 Vena
575 468 656 490 cava
685 454 844 501 superior
881 453 1016 488 sinistra
1045 453 1079 487 in
1110 453 1225 488 sinum
1249 465 1415 489 venosum
1437 453 1607 490 desinens.
1660 462 1719 490 αα.
1747 455 1847 492 Vena
1871 457 2082 506 pulmonalis
2102 458 2222 495 dextra
2245 462 2364 510 (quam

445 524 657 571 apertiorem
689 520 758 554 hoc
786 520 909 555 eodem
941 521 1007 555 situ
1040 520 1118 555 vide
1141 533 1223 555 mox
1245 522 1305 568 fig.
1325 523 1418 567 159.)
1469 523 1504 557 lz.
1518 524 1540 556 i.
1570 522 1671 556 Vena
1691 523 1893 569 brachialis,
1921 526 2073 573 jugulari
2097 529 2292 572 confluens,
2321 529 2365 565 ad

443 589 655 625 subclaviam
687 586 985 631 constituendam,
1021 588 1085 622 sub
1118 588 1279 622 cruribus
1305 587 1430 623 ductus
1454 588 1621 623 thoi-acici
1647 599 1679 624 et
1698 591 1928 636 circumjectis
1949 603 2112 627 vasorum
2131 594 2365 642 lymphatico-

442 670 521 690 rum
553 654 710 702 plexibus
731 654 990 688 anastomoticis
1013 667 1094 688 mox
1114 653 1383 689 delitescentem.
1428 670 1471 701 y.
1500 656 1682 691 Venarum
1705 656 1945 705 hepaticarum
1966 659 2160 707 vestigium.
2208 675 2237 696 z.
2266 662 2367 697 Vena

442 722 664 770 spermatica,
693 731 770 756 ante
790 735 909 756 renem
931 720 1093 756 dextrum
1115 721 1172 757 vix
1193 722 1413 770 aliquantum
1432 723 1668 768 innotescens,
1694 737 1806 772 prope
1829 726 2004 774 originem
2025 727 2193 762 etestium
2213 728 2366 776 regione.

282 795 314 827 5.
332 792 388 825 46.
417 788 511 824 Vide
531 802 637 836 snpra
663 788 805 822 arterias
830 789 868 822 C.
891 801 941 835 sq.

282 872 379 898 5-70,
408 859 557 892 Ductus
587 856 819 890 'I'lzoracicus
842 855 942 902 eique
972 853 1121 903 proximi
1142 854 1438 904 lymphaticorum
1460 856 1593 905 plexus.
1620 859 1676 905 (cf.
1699 856 1786 892 Tab.
1799 859 1937 894 XXVI.
1963 862 2023 906 fig.
2042 861 2135 908 155.)

382 937 408 965 5,
434 925 724 969 Receptaculmn
754 923 852 967 clzyli
880 923 1058 964 latez-ale,
1096 921 1317 958 dextrorsum
1351 926 1416 958 sub
1450 924 1617 971 pulmone
1644 924 1764 960 latens.
1819 931 1854 964 θ’.
1889 928 2061 962 Cisterna
2082 930 2181 974 chyli
2198 929 2368 964 abdomi-

443 994 542 1028 nalis
605 1011 745 1029 e.e.e.e·
774 988 864 1023 Bina
894 988 1018 1023 ductus
1049 988 1218 1024 thoracici
1251 1003 1384 1033 crura,
1424 990 1666 1038 oesophagnm
1692 993 1946 1040 amplectentia.
2000 1015 2024 1033 ρ,
2072 996 2244 1030 cisterna
2269 997 2383 1041 chyli'

425 1060 650 1107 jugulari&
688 1058 752 1093 snb
781 1055 984 1105 oesophago
1005 1070 1104 1092 crura
1126 1055 1251 1091 ductus
1271 1056 1439 1092 thoracici
1461 1062 1622 1093 coeuntia
1642 1059 1823 1106 colligens.
1877 1074 1914 1107 φ.
1943 1060 2070 1096 Plexus
2090 1075 2253 1097 vasorum
2279 1063 2369 1112 lym-

443 1126 666 1176 phaticorum
698 1124 843 1168 renalis,
880 1125 1047 1158 cisternae
1076 1122 1170 1172 chyli
1201 1124 1415 1159 abdominali
1448 1134 1541 1159 retro
1573 1139 1765 1173 appenst133
1792 1128 1975 1176 frequente
1997 1130 2210 1164 anastomosi
2235 1129 2370 1164 insulas

443 1194 535 1229 circa
561 1206 640 1227 vasa
674 1191 840 1226 arteriosa
876 1190 1036 1226 efficiens.
1091 1202 1116 1227 ὅ.
1142 1189 1235 1225 Vasa
1268 1190 1483 1240 lymphatica
1512 1192 1686 1239 jugularia
1725 1195 1870 1229 arteriae
1894 1195 2042 1230 carotidi
2063 1196 2170 1240 socia,
2198 1196 2370 1233 cisternae

444 1259 598 1308 jugulari
619 1259 839 1292 confluentia.
892 1279 919 1295 s.
944 1255 1176 1304 Lymphatica
1204 1257 1394 1292 brachialia
1418 1269 1450 1292 et
1472 1259 1677 1306 pectora-lia,
1706 1261 1798 1303 juxta
1822 1261 2002 1296 axillarem
2025 1264 2205 1307 arteriam,
2233 1262 2369 1298 eodem.

444 1347 584 1368 mmmm,
617 1324 714 1358 Sulci
747 1324 886 1366 aortici,
922 1324 1040 1358 ductui
1079 1323 1258 1359 thoracico
1290 1325 1464 1372 impressi,
1501 1336 1617 1360 aortae
1649 1340 1749 1360 arcus
1777 1336 1809 1361 et
1837 1337 2001 1363 truncum
2032 1330 2242 1377 excipientes
2267 1339 2371 1376 atque

441 1395 573 1438 nervis,
610 1406 627 1426 e
647 1391 867 1440 synipathico
888 1403 1017 1438 magno
1038 1389 1218 1434 derivatis,
1248 1401 1422 1438 patente53
1453 1406 1546 1428 nnnc
1567 1406 1667 1436 vero,
1694 1406 1974 1441 quaquaversum
1996 1395 2215 1430 redundante
2235 1394 2372 1443 turgidi

444 1462 571 1498 ductus
605 1457 774 1493 thoracici
805 1458 954 1501 ambitu,
983 1457 1177 1504 plurimum
1200 1459 1410 1504 compressi,
1437 1460 1566 1493 occlusi
1588 1469 1620 1493 et
1639 1460 1847 1494 arteriarum
1869 1470 2012 1495 truncos
2032 1462 2079 1496 ita
2101 1463 2290 1496 introrsum
2313 1462 2372 1495 ab·

448 1529 539 1565 ditos
558 1535 719 1575 gerentes
740 1522 777 1558 nt
795 1536 920 1559 eornm
945 1536 1059 1558 ramos
1081 1523 1174 1557 solos
1198 1536 1238 1557 ex
1258 1522 1327 1558 hoc
1345 1526 1526 1573 amplexu,
1553 1526 1649 1560 velut
1671 1538 1712 1564 ex
1733 1527 1879 1572 amictu,
1905 1528 2075 1562 emittant.
2105 1530 2152 1575 (5.
2175 1527 2244 1574 46.)

1067 1677 1403 1710 FIGURA
1480 1661 1587 1731 159.

387 1802 547 1836 Viscera
575 1798 774 1832 testudinis
796 1796 965 1838 feminae
992 1807 1016 1828 a
1040 1794 1170 1834 dor-50,
1205 1795 1361 1828 remotis
1377 1794 1637 1840 pulmonibus,
1664 1796 1815 1831 renibus
1838 1803 1875 1832 et
1896 1799 2010 1833 ducta
2031 1798 2244 1841 thoracico;
2273 1803 2372 1833 arte·

333 1871 394 1905 ria
425 1873 536 1902 aot-ta
563 1866 723 1909 aliisque
751 1863 851 1896 vasis
873 1861 1081 1906 majoribus
1098 1862 1244 1905 passim
1266 1864 1437 1896 set-catis.
1493 1862 1701 1897 Ovidactas
1723 1866 1875 1898 sinister
1901 1869 2175 1910 quodammodo
2199 1867 2252 1900 ad
2273 1867 2374 1899 latus

337 1936 522 1981 depulsas.
581 1933 719 1966 Cloaca
749 1943 774 1963 α
799 1931 908 1963 dorso
935 1929 1057 1962 incisa
1087 1933 1123 1961 et
1156 1940 1237 1962 cum
1264 1930 1442 1963 methrae
1471 1942 1626 1975 corpore
1657 1943 1860 1966 ccwernoso
1887 1933 1943 1966 ita
1975 1934 2147 1975 diducta,
2186 1940 2226 1967 αι
2250 1933 2376 1966 sulcus

339 2003 536 2040 areunae,
562 2005 719 2044 praeter
738 2009 876 2031 morem
891 2020 901 2036 ‚
919 1996 1151 2040 profundius
1169 1995 1256 2028 hiet.
1309 1996 1471 2041 Reliqua
1490 1999 1529 2030 in
1548 1998 1632 2030 sita.

290 2071 328 2106 A.
343 2069 383 2103 B.
398 2068 447 2102 B‘.
480 2067 613 2100 Cordi-³
649 2063 783 2111 aliquae
820 2071 950 2109 partes,
988 2061 1021 2094 in
1056 2060 1246 2094 intervallis
1285 2060 1432 2095 aliarum
1465 2062 1683 2109 conspicuae.
1736 2063 1780 2098 A.
1807 2064 2007 2100 Ventriculi
2038 2064 2153 2100 cordis
2188 2065 2374 2111 vestigium

336 2134 455 2171 medio
476 2133 557 2167 loco
576 2132 666 2165 inter
689 2139 877 2176 utrumque
896 2126 1031 2175 hepatis
1051 2127 1172 2161 loburn
1192 2140 1409 2175 comparens.
1462 2128 1502 2162 B.
1530 2129 1699 2164 Auricula
1720 2130 1866 2166 sinistra.
1917 2132 1965 2166 B'.
1994 2132 2166 2166 Auricula
2189 2130 2322 2165 dextra.

288 2203 326 2240 E.
341 2202 386 2237 E'.
399 2201 453 2236 E
485 2199 667 2234 Traclzea.
721 2196 759 2230 E.
792 2195 860 2229 Ubi
895 2204 1050 2228 truncata
1084 2207 1166 2242 prae
1195 2193 1396 2241 oesophago
1428 2190 1566 2229 eminet.
1619 2196 1667 2230 E'.
1695 2196 1881 2231 Brouchus
1901 2198 2046 2233 sinister.
2100 2198 2154 2234 E“.
2184 2197 2373 2232 Brouchus

339 2268 470 2303 dexter.
525 2265 682 2312 Uterque
706 2262 802 2297 hand
828 2263 950 2310 procul
971 2263 1012 2295 ab
1038 2273 1079 2295 eo
1098 2261 1178 2294 loco
1203 2260 1262 2294 ubi
1286 2261 1320 2294 in
1343 2262 1547 2308 pulmonem
1569 2261 1775 2310 delapsurus
1795 2274 1860 2308 est,
1887 2274 2077 2298 truncatus.

288 2336 362 2372 I.I'.
377 2336 419 2370 Ia.
434 2334 478 2368 ΙΙ)-
493 2331 532 2366 Ic.
553 2332 717 2377 Hepalis
748 2338 869 2377 partes
922 2327 948 2363 I.
960 2328 986 2362 I.
999 2327 1043 2361 [a.
1068 2327 1189 2361 Lobus
1211 2326 1357 2362 sinister.
1409 2326 1435 2361 I.
1450 2327 1474 2362 Ι.
1507 2326 1574 2363 Ubi
1598 2327 1795 2365 Ventriculi
1817 2331 2011 2377 marginem
2035 2342 2229 2364 convexum
2258 2330 2375 2365 ambit.

340 2403 384 2438 Ia·
417 2402 496 2436 Pars
527 2399 688 2447 superior
719 2397 791 2431 lobi
822 2394 966 2439 sinistri,
1005 2393 1049 2429 ad
1069 2394 1253 2428 ventriculi
1288 2407 1479 2429 concavum
1503 2397 1695 2444 marginem
1718 2397 1838 2446 posita.
1892 2396 2082 2431 1'.I‘.1‘.Ib-
2114 2397 2233 2431 Lobus
2255 2396 2376 2431 dexter

337 2469 380 2505 lb.
406 2468 496 2503 Lobi
520 2464 633 2501 dextri
655 2478 734 2513 pars
754 2464 933 2512 superior,
960 2462 1107 2506 lie-nem,
1134 2460 1338 2496 intestinum
1369 2474 1513 2497 coecum
1536 2473 1568 2498 et
1589 2463 1759 2512 incipiens
1781 2463 1985 2498 duodenum
2007 2464 2228 2510 aliquatenus
2247 2474 2376 2511 tegens.

340 2536 381 2570 1⁶·
408 2534 563 2569 Isthmus
588 2531 763 2577 jecinoris,
790 2529 927 2565 medius
951 2529 1040 2562 inter
1066 2539 1255 2575 utrumque
1279 2528 1413 2562 lobum.

291 2603 338 2640 K.
349 2602 404 2637 K'.
416 2601 476 2635 K‘.
488 2606 528 2635 A.
540 2602 697 2636 Asta-a.
712 2597 755 2631 T.
767 2596 809 2630 T.
841 2596 968 2629 Tabas
996 2595 1242 2635 intestinalis,
1278 2592 1401 2628 iisdem
1432 2595 1662 2640 anfractibus,
1688 2608 1776 2643 quos
1798 2594 1865 2630 situ
1886 2595 2012 2644 supino
2036 2594 2193 2630 exhibuit
2217 2594 2375 2629 Tabulae

343 2666 502 2705 XXVII.
524 2668 583 2713 fig.
602 2665 681 2699 156.

402 2734 445 2770 Τ.
472 2730 723 2780 Oesophagus,
750 2737 929 2764 truncatus
949 2727 1073 2763 infimo
1098 2727 1203 2762 collo.
1256 2725 1314 2760 T“.
1342 2726 1412 2761 Ubi
1443 2727 1477 2762 in
1499 2725 1651 2763 cardiam
1671 2728 1793 2763 transit
1817 2727 2047 2777 oesophagus.
2100 2729 2147 2763 K.
2174 2727 2376 2764 Venti-iculi

461 2813 540 2849 pars
564 2798 744 2841 cardian-³3
771 2796 943 2844 amplior,
971 2794 1105 2842 hepatis
1129 2793 1309 2842 profundo
1336 2794 1435 2828 alveo
1456 2805 1608 2843 excepta.
1662 2795 1720 2830 K‘.
1749 2795 1830 2829 Pars
1854 2795 2011 2844 pylorica
2033 2796 2234 2840 ventriculi3
2264 2792 2379 2830 restriss

461 2869 573 2911 ctior,
599 2864 733 2913 hepatis
756 2863 874 2898 medio
897 2861 1119 2896 transversim
1141 2861 1362 2895 dextrorsum
1390 2871 1560 2907 porrecta.
1614 2861 1675 2896 K‘'.
1705 2861 1822 2911 Pylori
1844 2863 1952 2910 regio.
2006 2864 2046 2897 A.
2059 2879 2155 2900 α-σ.
2167 2865 2216 2896 Λ’.
2242 2862 2379 2897 Intesti-

461 2946 588 2969 norum
615 2931 693 2980 gyri
717 2929 914 2964 aduodeno
939 2927 981 2962 ad
994 2927 1158 2962 ultimum
1178 2937 1312 2962 rectum
1334 2942 1453 2976 usque.
1488 2932 1552 2965 Λα.
1577 2928 1646 2963 Ubi
1667 2928 1869 2963 intestinum
1898 2914 2120 2973 duodenum,
2140 2929 2274 2976 hepatis
2301 2929 2377 2975 (sub

464 3003 560 3046 cujus
592 2997 666 3033 lobi
685 2996 799 3031 dextri
827 3005 923 3043 parte
945 2994 1128 3042 superiore
1149 2992 1227 3041 (lb.)
1255 2994 1447 3030 oriundum
1469 2996 1562 3042 latet)
1590 2995 1717 3029 limites
1738 2995 1916 3040 deserens,
1939 2995 1982 3031 ad
2005 2997 2115 3030 imum
2139 3005 2296 3028 ventrem
2320 2993 2379 3029 de-

463 3065 606 3102 scendit.
658 3070 722 3111 αβ.
736 3092 744 3100 .
759 3092 766 3100 .
780 3092 786 3099 .
801 3067 848 3101 vl).
870 3061 1079 3097 Intestinalis
1098 3061 1172 3096 tubi
1193 3061 1373 3105 circuitus,
1393 3063 1575 3098 literarum
1595 3060 1719 3097 ordine
1738 3064 1870 3109 figurae
1887 3065 1964 3098 156.
1991 3062 2077 3098 Tab.
2089 3059 2243 3096 XXVII.
2265 3059 2315 3094 illi
2328 3073 2380 3095 re-

464 3132 679 3182 spondente,
707 3130 887 3165 indicatus.
950 3134 978 3166 ὁ.
1003 3128 1176 3163 Ultimum
1206 3128 1409 3163 intestinum
1435 3139 1557 3174 tenne,
1595 3139 1793 3164 antrorsum
1827 3143 1994 3177 pergens,
2030 3138 2066 3163 nt
2094 3141 2238 3163 coecum
2268 3126 2376 3161 adeat.

465 3219 499 3238 π.
518 3199 726 3234 Intestinum
748 3210 908 3240 coecum,
938 3195 1056 3243 paullo
1076 3204 1209 3230 tectum
1231 3195 1455 3230 incumbente
1474 3205 1569 3243 parte
1591 3195 1773 3243 superiore
1794 3195 1867 3232 lobi
1880 3196 2014 3246 hepatis
2035 3195 2157 3230 dextri.
2181 3193 2378 3244 ρ,σ.Λ’.Ιῃ.

467 3266 632 3302 testinum
657 3274 810 3308 rectum,
837 3264 873 3298 in
897 3262 1051 3298 cloacam
1071 3260 1254 3303 delabens3
1281 3262 1331 3297 ibi
1351 3262 1466 3297 hiante
1487 3275 1564 3297 ano.
1592 3261 1671 3310 (m.)

303 3334 354 3371 Μ.
366 3333 432 3368 Ma.
442 3333 505 3367 Mb.
517 3332 579 3367 Μο-
604 3333 812 3367 Ovidactas
835 3340 992 3377 uterque.
1044 3327 1108 3363 Mc.
1129 3328 1178 3363 Os
1199 3329 1313 3364 ultimi
1335 3328 1519 3378 oviductus
1546 3318 1660 3364 dextri
1683 3327 1717 3362 in
1740 3329 1872 3364 vesicae
1894 3329 2026 3364 collum
2051 3328 2255 3376 prominens
2273 3337 2305 3363 et
2327 3328 2380 3362 in-

355 3411 408 3435 tra
441 3400 602 3434 urethrae
638 3397 800 3433 diductae
821 3397 978 3441 sulcum,
1005 3396 1110 3431 simul
1131 3409 1210 3431 cum
1232 3396 1346 3440 socio,
1372 3396 1473 3444 signo
1496 3405 1652 3440 carente,
1679 3393 1858 3442 adparens.
1911 3394 2052 3430 Ma.Ma.
2081 3395 2273 3442 Utriusque
2307 3394 2380 3428 ovi-

357 3466 484 3502 ductus
503 3465 572 3499 ima
595 3478 671 3512 pars
696 3477 805 3513 prope
825 3464 988 3498 cloacam.
1041 3462 1090 3497 M.
1106 3461 1153 3497 Μ.
1184 3462 1265 3497 Pars
1279 3461 1395 3498 media
1410 3462 1602 3498 oviductus.
1653 3460 1719 3496 Mb.
1738 3461 1847 3497 Partis
1877 3475 2031 3497 summae
2052 3472 2248 3498 extremum
2269 3461 2305 3495 in
2322 3470 2379 3510 tu-

356 3535 436 3569 bam
458 3531 657 3574 dilatatum,
684 3531 920 3565 sinistrorsum
943 3530 1064 3578 paullo
1088 3529 1303 3576 explicitum.

305 3600 353 3638 N.
366 3600 410 3635 N.
441 3599 621 3632 Ovarium
643 3607 853 3644 utrumque,
881 3597 954 3632 ovis
974 3597 1089 3632 minus
1109 3596 1275 3643 evolutis,
1301 3610 1407 3645 quam
1428 3608 1517 3645 quae
1531 3597 1646 3644 figura
1665 3594 1898 3642 respondente
1919 3594 2018 3644 (Tab.
2031 3594 2188 3630 XXVII.
2216 3596 2274 3642 fig.
2290 3591 2379 3639 156.)

356 3666 560 3710 veniebant,
586 3676 789 3712 praegnans.
