2693 4077
672 380 1007 411 EXPLICATIO
1048 377 1452 408 TAB.XX111.XX1V.
1484 377 1589 405 FIG.
1617 361 1919 419 117.118.119.
2308 368 2384 409 113

415 479 448 523 ι’.
476 476 605 511 Plexus
631 475 787 521 sacralis,
815 475 960 509 arteriae
987 473 1107 508 sacrali
1135 471 1270 507 mediae
1296 470 1557 506 circumductus
1584 483 1602 504 e
1624 468 1807 518 coccygeis
1833 469 1901 503 filis
1928 482 1947 503 a
1975 470 2093 517 primo
2125 471 2167 506 ad
2198 474 2397 521 septimum?

478 544 667 586 conflatus,
693 541 866 588 excipiens
887 540 980 575 idem
1008 551 1041 575 et
1062 552 1179 574 ansam
1215 552 1256 573 ex
1277 539 1398 572 ultima
1430 536 1661 572 intercostalis
1683 535 1876 584 propagine
1903 548 2076 586 coccygea
2095 537 2252 584 laterali,
2278 540 2386 576 fusius

478 608 649 657 descripta
669 607 849 656 superiore
877 609 936 655 fig.
956 607 1033 641 116.
1060 606 1155 654 (ΕΚ
1177 604 1280 653 δὴ)
1307 617 1413 653 quam
1447 602 1514 638 adi.

419 940 930 996 EXPLICATIO
967 941 1351 1010 TABULAE
1385 939 1840 996 VICESIMAE
1877 936 2283 1002 QUARTAE.

1090 1098 1426 1130 FIGURA
1504 1079 1615 1128 118.

318 1183 599 1245 ARTERIAE
629 1211 795 1246 universi
815 1213 982 1258 corporis
1001 1214 1056 1247 ad
1077 1212 1246 1247 Tabulae
1263 1213 1396 1247 XXII.
1424 1218 1555 1258 typum
1577 1223 1795 1256 expressae,
1823 1208 2023 1244 substratis
2038 1210 2174 1244 iisdem
2188 1210 2278 1253 sere
2295 1222 2387 1255 par-

321 1277 435 1319 tibus,
463 1279 649 1311 nonnullis
676 1286 801 1313 tamen
827 1280 992 1312 mutatis.

420 1343 537 1389 Atque
558 1343 701 1391 quidem
724 1358 795 1391 quo
816 1345 930 1379 minus
952 1344 1158 1378 arteriarum
1172 1344 1207 1378 in
1218 1342 1330 1391 capite
1341 1353 1374 1378 et
1388 1343 1482 1377 collo
1495 1341 1662 1376 decursus
1675 1337 1787 1385 lateat,
1813 1342 1918 1376 ablati
1932 1351 2012 1376 sunt
2024 1342 2277 1378 musculioculi
2301 1342 2390 1377 obli-

318 1421 408 1454 quus
428 1409 586 1456 superior
605 1423 684 1444 cum
697 1410 873 1451 inferiore,
900 1411 1112 1458 temporalis,
1138 1410 1293 1458 splenius
1303 1409 1434 1457 capitis,
1454 1407 1621 1450 hiventerr
1642 1406 1858 1453 complexus,
1877 1408 2114 1441 transversalis
2126 1409 2267 1442 cervicis
2278 1418 2310 1442 et
2323 1409 2390 1455 spi-

317 1474 405 1508 nalis
427 1475 578 1510 cervicis.
633 1476 682 1510 Ut
703 1489 808 1511 omne
830 1478 961 1512 collum
983 1477 1090 1525 igitur
1110 1476 1252 1512 eosdem
1272 1476 1375 1524 plane
1392 1474 1570 1510 musculos
1586 1473 1763 1517 exhibeat,
1790 1486 1881 1520 quos
1899 1471 2036 1507 Tabula
2049 1473 2140 1516 XX3
2165 1473 2388 1520 'reliquorum

319 1553 403 1575 vero
437 1541 543 1575 totius
576 1542 735 1590 corporis
758 1544 1002 1578 musculorum
1032 1553 1215 1592 apparatus
1244 1544 1372 1577 affabre
1393 1539 1601 1589 respondeat
1624 1539 1779 1574 Tabulae
1798 1537 1928 1583 XXII,
1956 1539 2022 1573 nisi
2046 1538 2143 1586 quod
2162 1538 2393 1587 diaphragma

320 1606 424 1640 simul
455 1620 534 1641 cum
560 1609 730 1654 pulmone
753 1607 875 1644 dextro
896 1609 991 1645 absit.
1044 1609 1095 1644 Ita
1121 1611 1224 1645 etiam
1247 1622 1362 1652 reneS,
1389 1607 1569 1655 genitalia,
1596 1605 1722 1653 hepar,
1750 1618 1930 1653 pancreas,
1956 1605 2026 1639 lien
2049 1615 2081 1639 et
2102 1606 2284 1642 universus
2304 1606 2391 1641 inte·-

319 1672 492 1707 stinorum
524 1683 653 1708 tractus
684 1675 793 1709 ablata
825 1686 922 1720 sunt,
959 1675 1070 1710 reciso
1090 1688 1229 1710 summo
1249 1674 1445 1709 ventriculo
1467 1674 1508 1708 ab
1528 1672 1702 1708 incidente
1726 1671 1944 1720 oesophago,
1970 1671 2068 1706 cuius
2087 1671 2211 1707 inflexa
2235 1685 2328 1720 pars,
2355 1672 2391 1708 in

319 1739 551 1773 ventriculum
578 1739 779 1788 delapsura,
806 1751 900 1777 retro
922 1742 1127 1777 claviculam
1145 1752 1234 1777 secta
1259 1750 1448 1789 comparet.

424 1805 475 1839 lta
509 1806 652 1841 remotis
689 1808 878 1843 visceribus
907 1809 1044 1843 nudum
1075 1810 1111 1844 in
1131 1809 1199 1843 situ
1220 1808 1380 1843 relictum
1401 1817 1450 1842 est
1469 1819 1551 1849 cor,·
1580 1808 1683 1841 vasis
1702 1807 1849 1840 venosis
1869 1805 1934 1839 sibi
1955 1805 2212 1851 accedentibus,
2240 1819 2282 1841 ne
2303 1815 2391 1841 arte-

323 1871 391 1905 rias
413 1873 596 1918 obtegant,
624 1873 816 1919 plurimum
841 1875 1017 1908 truncatis

424 1937 665 1974 Veruntamen
683 1938 785 1974 etiam
805 1953 846 1974 ex
859 1940 1063 1974 arteriarum
1081 1953 1229 1975 numero
1249 1952 1336 1987 quae
1357 1936 1634 1987 chylopoieticae
1656 1936 1819 1971 dicuntur
1832 1937 2391 1987 (scilicetgastro-epiploica(G)

323 2007 484 2039 coeliaca
503 2005 569 2051 (H)
595 2014 628 2039 et
648 2005 890 2039 mesenterica
909 2007 959 2053 (I)
984 2006 1085 2039 sicuti
1105 2007 1355 2051 spermaticae
1379 2014 1411 2039 et
1434 2004 1526 2038 hisce
1549 2003 1716 2037 finitimae
1736 2001 1832 2036 haud
1851 2003 1974 2049 procul
1997 2004 2039 2037 ab
2059 2004 2195 2051 origine
2218 2005 2337 2039 scissae
2359 2015 2393 2039 et

324 2084 406 2105 cum
442 2070 629 2104 visceribus
659 2070 792 2106 ablatae
814 2081 915 2116 sunt,
943 2070 1232 2119 quandoquidem
1255 2080 1288 2105 et
1306 2069 1483 2118 superiore
1503 2068 1640 2103 Tabula
1653 2068 1735 2101 XX.
1757 2068 1826 2112 jam
1849 2068 2079 2115 aliquomodo
2101 2083 2220 2104 earum
2240 2070 2394 2106 declara-

322 2136 454 2171 tionem
478 2136 738 2184 praecepimus,
765 2147 798 2172 et
821 2151 914 2185 quae
925 2137 971 2173 de
990 2137 1255 2187 chylopoieticis
1276 2136 1468 2172 accuratius
1490 2135 1716 2184 explanandis
1735 2144 1877 2180 restant,
1906 2148 1989 2170 mox
2011 2135 2098 2170 Tab.
2109 2136 2230 2170 XXX.
2250 2138 2308 2184 fig.
2326 2150 2392 2183 179

323 2203 618 2250 opportuniorem
640 2204 760 2239 locum
781 2205 969 2239 invenient.

429 2269 594 2304 Ceterum
624 2283 642 2304 e
670 2279 774 2304 testae
798 2283 883 2304 cavo
906 2271 1013 2317 longe
1035 2269 1195 2318 plurimis
1219 2270 1407 2306 visceribus
1428 2270 1475 2305 ita
1494 2269 1653 2312 exemtis,
1681 2268 1794 2304 hiatus
1815 2269 1923 2316 ipsius
1944 2270 2118 2316 posterior
2139 2280 2171 2305 et
2192 2270 2285 2305 iuxta
2309 2283 2390 2305 eum

323 2334 483 2369 desinens
504 2334 608 2369 cardo
631 2334 750 2370 dexter
772 2337 814 2370 ab
835 2336 1017 2380 interiore,
1044 2335 1149 2384 idque
1171 2336 1290 2384 paullo
1313 2337 1438 2384 magis,
1465 2349 1572 2384 quam
1592 2335 1678 2370 Tab.
1693 2334 1801 2378 XIX,
1828 2346 2043 2382 comparent.

426 2399 610 2436 Postremo
640 2402 857 2436 membrana
882 2405 1024 2448 pedum
1059 2406 1272 2443 natatoria,
1309 2415 1472 2437 vasorum
1504 2402 1668 2448 frequens
1697 2411 1768 2436 rete
1796 2400 1925 2435 vehens
1955 2411 2058 2448 atque
2083 2403 2173 2437 inter
2197 2403 2327 2450 digitos
2349 2402 2393 2438 ad

326 2468 500 2516 unguium
533 2467 665 2502 radices
686 2481 796 2515 usque
819 2469 1015 2513 interiecta,
1042 2468 1158 2504 addita
1180 2479 1245 2513 est,
1271 2479 1309 2503 ut
1334 2469 1483 2516 palmata
1502 2468 1644 2515 insuper
1669 2467 1800 2515 pedum
1820 2467 1951 2502 fabrica
1972 2480 2013 2501 ex
2034 2477 2108 2502 toto
2130 2478 2259 2516 pateat,
2287 2478 2391 2516 atque

325 2533 413 2568 adeo
443 2534 482 2568 iis
509 2534 630 2578 simul,
657 2547 746 2581 quae
770 2534 913 2569 ineunte
934 2535 1064 2583 primae
1084 2535 1187 2570 huius
1210 2535 1327 2583 operis
1350 2536 1485 2582 figurae
1505 2534 1735 2582 explicatione
1754 2534 1798 2569 de
1818 2533 1884 2569 hae
1905 2534 2106 2570 membrana
2127 2533 2255 2569 idoneo
2275 2535 2393 2582 aliquo

325 2600 405 2636 loco
425 2599 645 2648 depingenda
668 2601 915 2647 promiseram,
942 2602 1093 2636 satisfiat.

430 2668 529 2709 Quae
546 2666 689 2701 demum
707 2668 835 2711 omnia,
856 2668 932 2714 ipso
949 2679 1089 2716 aspectu
1106 2669 1285 2704 manifesta
1301 2669 1358 2703 vel
1376 2667 1619 2702 adiuvantibus
1637 2667 1860 2714 superiorum
1874 2666 2089 2702 Tabularum
2107 2668 2205 2714 (XX.
2218 2677 2251 2703 et
2264 2668 2395 2716 XXII.)

327 2735 450 2782 figuris
483 2733 583 2767 facile
604 2732 773 2777 eruenda,
811 2733 983 2781 siglorum
1013 2734 1207 2770 subsidium
1237 2748 1461 2782 nequaquam
1487 2732 1737 2768 desiderabant.
1789 2732 1882 2766 Solis
1906 2733 2012 2778 igitur
2036 2734 2169 2768 arteriis
2190 2734 2393 2781 singillatim

327 2798 522 2835 indicandis
549 2809 710 2834 notarum
739 2799 984 2848 inscriptarum
1019 2814 1086 2849 ope
1116 2800 1392 2836 succurrendum
1413 2810 1500 2843 erat,
1527 2798 1625 2846 quod
1648 2798 1815 2845 quoniam
1837 2798 1873 2832 in
1893 2799 2051 2833 umbrata
2070 2798 2137 2832 hac
2161 2800 2272 2846 figura
2295 2812 2391 2835 com·

328 2866 430 2902 mode
452 2866 583 2900 institui
607 2877 676 2899 non
704 2866 832 2913 potuit,
849 2867 1067 2914 supraposita
1091 2867 1248 2903 eiusdem
1268 2867 1414 2915 paginae
1437 2868 1550 2913 figura
1566 2878 1642 2911 119.
1671 2865 1716 2899 ita
1736 2866 1896 2899 effectum
1918 2874 1984 2908 est,
2011 2874 2049 2898 ut
2070 2865 2251 2899 universus
2272 2866 2393 2900 arteri-

330 2947 428 2969 arum
451 2932 556 2967 totius
579 2931 741 2979 corporis
764 2943 949 2981 apparatus
970 2934 1074 2968 simul
1096 2934 1132 2968 in
1156 2943 1346 2982 conspectu
1366 2941 1571 2980 poneretur,
1598 2931 1779 2979 expressis,
1808 2940 1944 2978 praeter
1966 2943 2005 2966 ea
2026 2943 2103 2965 vasa
2127 2931 2391 2978 quaeinferiore

330 3003 444 3048 figura
479 3000 588 3046 (118.)
625 2997 718 3032 nuda
747 2998 780 3033 in
806 3001 990 3047 superficie
1011 3000 1173 3044 veniunt,
1202 2999 1494 3049 profundioribus
1517 2999 1619 3033 etiam
1640 3007 1672 3032 et
1693 2997 1729 3031 in
1754 2997 1914 3045 corporis
1934 2997 2164 3032 interioribus
2185 2999 2391 3045 ceteroquin

331 3067 621 3102 delitescentibus.
675 3064 812 3105 Quodsi
833 3067 1019 3114 multiplex
1039 3066 1127 3101 adeo
1151 3079 1348 3109 ramorum,
1374 3066 1411 3099 iu
1430 3065 1531 3098 unica
1552 3065 1664 3111 figura
1683 3063 1996 3110 exprimendorum
2019 3063 2116 3110 copia
2137 3063 2282 3110 singulis
2301 3074 2393 3099 recte

332 3132 588 3180 distinguendis
621 3141 654 3166 et
689 3131 848 3166 notandis
876 3133 1055 3168 obstaculo
1087 3133 1214 3181 passim
1246 3140 1335 3176 erat,
1372 3130 1467 3166 hisce
1487 3143 1608 3165 earum
1628 3143 1747 3164 rerum
1771 3142 1859 3176 quae
1885 3129 1919 3162 in
1939 3128 2072 3176 syntaxi
2092 3141 2134 3163 ex
2156 3129 2271 3176 aliqua
2295 3139 2392 3176 parte

333 3200 423 3234 forte
455 3199 622 3242 latebant,
661 3197 827 3244 peculiari
857 3199 901 3234 ad
920 3200 1026 3235 latera
1048 3199 1179 3246 adjecta
1203 3208 1236 3234 et
1260 3210 1417 3233 seorsum
1437 3196 1580 3244 repetita
1603 3195 1885 3240 adumbratione,
1912 3204 2082 3242 quantum
2104 3208 2166 3243 per
2192 3207 2266 3231 eam
2286 3209 2394 3243 quam

333 3265 434 3299 nobis
456 3265 635 3314 posuimus
657 3263 857 3312 compendii
877 3266 993 3314 legem
1014 3267 1129 3312 licuit,
1156 3265 1337 3314 provisum
1359 3272 1429 3310 est,
1457 3264 1540 3311 figg.
1558 3262 1759 3297 120-125.

1110 3416 1443 3455 F1GURA
1518 3410 1629 3470 119.*

437 3535 614 3571 Arteriae
627 3538 738 3572 totius
756 3540 922 3584 corporis
943 3537 1177 3582 conjunctim.
1210 3537 1345 3577 Corde,
1361 3547 1443 3570 cum
1457 3544 1638 3569 venarum
1658 3533 1799 3568 truncis
1805 3534 1979 3579 proxime
1999 3535 2199 3580 appensis,
2225 3533 2393 3579 punctim

336 3603 522 3637 indicatis.
550 3602 698 3651 (Siglae,
715 3617 757 3638 ne
780 3604 922 3640 subtiles
943 3617 1067 3652 easque
1088 3603 1298 3650 multiplices
1319 3601 1422 3650 hujus
1443 3602 1576 3650 figurae
1595 3609 1709 3649 partes
1728 3612 1871 3649 prorsus
1892 3601 2096 3645 obruerent,
2124 3613 2195 3635 non
2217 3599 2282 3634 nisi
2303 3597 2393 3646 poti-

330 3669 458 3703 —oribus
480 3668 612 3704 truncis
633 3679 666 3704 et
687 3670 789 3705 ramis
808 3671 1013 3708 arteriarum
1035 3669 1241 3719 inscriptae.)
1968 3716 1988 3735 *

1914 3727 1957 3760 29
