2693 4077
309 375 389 416 114
918 375 1262 405 Exrch'rro
1293 376 1408 406 ΤΑΒ.
1432 378 1560 408 xxiv.
1591 380 1674 410 mc.
1700 381 1787 424 119.

297 483 345 518 Ἀ.
373 477 500 515 Cordis
525 471 764 512 Ventriculus.

299 548 340 584 B.
369 544 539 581 Auricula
568 539 684 576 cordis
710 537 857 571 sinistra.

296 629 331 651 a.
359 613 460 649 Vena
482 623 562 646 cava
584 605 743 654 superior
765 600 902 638 sinistra
921 601 958 637 in
977 602 1093 638 sinum
1118 615 1344 639 communem
1369 617 1539 643 venosum
1566 606 1723 644 tendens.

298 695 359 717 aa.
387 679 487 714 Vena
510 672 723 724 pulmonalis
744 670 888 705 sinistra.

290 763 334 796 y.
362 747 480 782 Venae
512 740 713 790 hepaticae,
749 738 786 772 in
811 749 1036 772 communem
1057 749 1225 772 venarum
1251 737 1366 774 sinum
1395 741 1618 777 confluentes.

303 816 366 851 A‘·
392 814 516 849 Α’Ὅαδ
542 815 675 844 “ortae
702 807 849 846 dexter>
877 802 1100 838 dextrorsum
1134 817 1175 839 ex
1203 805 1328 840 arteria
1350 817 1477 854 magna
1508 808 1709 852 communi,
1743 818 1876 844 aortam
1900 808 2057 846 dextram
2087 823 2168 846 cum
2197 814 2379 850 coronaria

346 879 464 917 cordis
486 887 519 912 et
538 886 704 910 truncum
727 882 954 907 communem
973 870 1228 906 subclaviarum
1242 881 1345 920 atque
1363 875 1557 910 carotidum
1574 874 1762 910 emittente.
1783 877 1837 924 (cf.
1852 875 1938 912 Tab.
1949 877 2088 913 XXIX.
2104 880 2189 927 figg.
2204 880 2282 915 160,
2298 881 2376 916 165,

347 948 395 983 Α.
409 945 480 991 70.)

296 1017 342 1051 Β.
355 1017 386 1050 5.
403 1010 613 1048 G.H.J.K.
641 1007 765 1043 Aorta
785 1005 961 1046 sinistra,
989 1017 1049 1039 seu
1074 1017 1174 1039 arcus
1193 1005 1347 1051 sinister,
1374 1008 1516 1055 ejusque
1538 1008 1636 1043 rami,

406 1082 438 1116 5.
467 1079 546 1113 Art.
570 1077 749 1111 cardiaca
768 1072 924 1106 sinistra
950 1069 995 1105 ad
1009 1070 1161 1106 cardiam
1182 1081 1215 1106 et
1238 1072 1481 1121 oesophagum
1501 1073 1739 1121 desinentem,
1766 1074 1828 1110 ubi
1848 1076 2047 1113 occurrenti
2065 1079 2131 1114 sibi
2153 1080 2298 1116 arteriae
2320 1092 2377 1116 oe.

457 1144 654 1193 sophageae
680 1137 904 1174 descendenti
927 1138 1027 1185 jungi
1049 1138 1145 1173 solet.
1173 1137 1267 1184 (vide
1294 1139 1384 1174 infra
1405 1142 1476 1188 25.)

397 1212 576 1249 Arteriam
595 1207 788 1242 cardiacam
807 1203 986 1248 dextram,
1013 1218 1054 1239 ex
1073 1213 1170 1239 aorta
1191 1203 1314 1240 dextra
1339 1205 1525 1242 oriundam
1538 1233 1548 1252 ,
1568 1206 1647 1243 vide
1670 1207 1757 1243 Tab.
1770 1208 1909 1244 XXIX.
1938 1211 1997 1258 fig.
2017 1212 2096 1245 162.
2121 1221 2327 1248 truncatam,

401 1282 446 1315 G·
472 1277 551 1312 Art·
578 1274 933 1320 GaStr⁰·ePiPl0i⁶a·
985 1273 1033 1306 H
1052 1271 1129 1305 Aft-
1152 1273 1324 1307 θθθῖἱαοα.
1375 1275 1410 1307 J.
1433 1274 1510 1308 Art.
1530 1277 1782 1311 mesenterica.
1836 1275 1969 1311 Omnes
1994 1287 2182 1314 truncatae.
2212 1280 2267 1328 (cf.
2287 1278 2373 1314 Tab.

459 1343 582 1380 XXX·
600 1343 660 1389 fig·
678 1353 756 1401 ¹79¹·
785 1339 845 1374 ubi
878 1338 1037 1386 depictae
1068 1346 1102 1372 et
1130 1337 1338 1386 explicitae.)
1388 1341 1436 1375 K.
1462 1341 1610 1376 Ramus
1631 1345 1907 1378 communicans
1927 1353 2062 1379 aortam
2088 1344 2263 1380 sinistram
2285 1345 2375 1381 inter

461 1421 495 1448 et
515 1410 686 1444 dextram.

303 1485 341 1520 C.
359 1493 433 1518 1.2.
460 1476 601 1514 Arteria
629 1472 842 1524 pulmonalis
868 1473 1011 1519 ejusque
1039 1469 1261 1518 propagines.

406 1549 444 1583 C.
471 1543 611 1580 Arteria
634 1541 866 1588 pulmonalis¹
894 1539 1116 1580 commanis,
1151 1551 1265 1586 prope
1291 1551 1362 1574 eor,

406 1628 436 1650 1.
463 1611 538 1647 Art.
564 1609 793 1657 pulmonalis
815 1607 989 1648 sinistra,
1017 1608 1111 1651 juxta
1132 1604 1334 1640 broucham
1354 1604 1542 1642 sinistrum.
1579 1603 1832 1653 Restrictioris,
1858 1619 1899 1643 ex
1922 1607 2096 1657 ampliore
2116 1610 2247 1655 canali,
2273 1610 2379 1645 lumi·

461 1692 537 1722 ms,
566 1684 733 1712 truncata.

406 1760 436 1783 2.
453 1757 483 1780 2.
512 1744 590 1779 Art.
613 1742 812 1778 bronchica
831 1752 849 1775 e
866 1737 1079 1787 pulmonali‚
1105 1738 1201 1782 juxta
1220 1736 1397 1775 tracheam
1417 1751 1601 1789 assurgens
1623 1748 1658 1776 e‘t
1678 1753 1759 1777 cum
1778 1739 1944 1778 tracheali
1968 1742 2051 1791 (26.)
2078 1742 2116 1777 iu
2135 1743 2374 1779 anastomosin,

466 1811 657 1846 confluens.

408 1880 523 1928 Ipsam
550 1874 792 1926 pulmonalem
814 1870 975 1907 arteriam
995 1869 1209 1919 apertiorem
1227 1869 1307 1906 vide
1327 1882 1411 1907 mox
1432 1869 1508 1920 Fig.
1528 1885 1605 1908 120,

348 1950 396 1998 (5.
424 1945 505 1982 vide
532 1957 645 1991 supra.
687 1943 734 1975 B.
761 1939 864 1974 Aort.
885 1938 1028 1984 sinistr.)

301 2018 353 2053 1).
381 2014 458 2050 Art.
488 2009 680 2045 subclavia
705 2008 885 2049 sinistra5
912 2017 954 2039 ex
974 2002 1098 2038 arteria
1120 2015 1247 2050 magna
1273 2004 1454 2039 communi
1473 2004 1711 2040 sinistrorsum
1732 2006 1893 2042 oriunda.

406 2079 436 2116 E
463 2076 637 2113 subclavia
663 2087 747 2109 vero
779 2071 952 2119 originem
984 2070 1143 2118 capiunt:
1173 2078 1234 2104 art.
1257 2072 1395 2105 carotis
1421 2071 1489 2118 (Ε)
1512 2070 1675 2120 deinceps
1691 2082 1753 2107 art.
1771 2075 1955 2119 thymion,
1983 2074 2117 2110 laterali
2136 2074 2206 2110 hoc
2223 2076 2376 2123 partium

465 2143 585 2194 positu
619 2155 692 2177 non
721 2138 927 2187 conspicua,
962 2138 1017 2185 (cf.
1043 2135 1153 2171 Tabb.
1172 2136 1329 2172 XXVII.
1353 2139 1412 2185 fig.
1430 2139 1509 2172 156.
1529 2147 1561 2174 et
1573 2136 1712 2174 XXIX.
1732 2141 1791 2188 fig.
1810 2141 1887 2175 160.
1905 2141 1992 2189 sign.
2007 2143 2078 2189 25.)
2104 2151 2180 2177 tum
2199 2144 2377 2188 oesopha-

460 2226 545 2259 ἔθα.
568 2210 652 2259 (24.)
694 2207 806 2255 Ipsius
827 2204 1021 2240 subclaviae
1044 2203 1187 2238 demum
1207 2203 1427 2239 continuatus
1445 2214 1587 2240 truncus
1609 2208 1650 2241 fit
1672 2209 1844 2242 ancillaris
1868 2208 2002 2244 arteria.
2023 2209 2093 2258 (F.)

300 2285 343 2319 E.
354 2283 398 2318 E.
412 2281 460 2315 X.
474 2282 607 2313 4—20.
636 2274 775 2310 Arteria
796 2273 935 2308 carotis
954 2272 1109 2305 sinistra
1133 2273 1275 2318 ejusque
1294 2270 1393 2306 rami,

405 2351 450 2385 E.
461 2349 505 2382 E.
533 2345 697 2380 Truncus
720 2338 884 2375 carotidis
903 2339 934 2386 (e
950 2337 1124 2372 subclavia
1144 2337 1292 2386 sinistra)
1312 2338 1355 2372 'in
1373 2337 1455 2373 colli
1478 2339 1601 2383 latere,
1627 2339 1757 2388 absque
1773 2339 1846 2375 ulla
1866 2339 1902 2375 in
1919 2352 2035 2375 ramos
2051 2339 2236 2385 divisione,
2263 2355 2375 2377 assur.

468 2425 570 2462 gens,
605 2409 665 2444 ubi
692 2407 734 2442 ad
757 2405 877 2442 tertiae
902 2405 1079 2440 vertebrae
1102 2404 1185 2439 colli
1207 2404 1390 2453 regionem
1411 2405 1543 2441 accedit
1563 2407 1718 2454 primum
1744 2409 2058 2443 anastomoticum
2080 2408 2205 2443 emittit
2228 2422 2376 2453 ramum,

462 2493 527 2529 per
562 2479 722 2513 foramen
757 2472 1041 2508 intervertebrale
1071 2470 1239 2506 cervicale
1272 2473 1414 2507 tertium
1448 2473 1483 2507 in
1519 2473 1682 2507 arteriam
1707 2473 1877 2519 spinalem
1901 2473 2120 2520 superiorem
2147 2474 2378 2521 incidentem3

466 2546 525 2593 (cf.
546 2545 606 2591 fig.
627 2554 704 2576 121.
725 2540 792 2574 E*.
809 2539 863 2584 Z.)
890 2537 1016 2572 deinde
1036 2538 1241 2583 lingualem
1257 2550 1368 2584 prope
1385 2538 1470 2572 ossis
1485 2537 1624 2585 hyoidis
1641 2538 1791 2572 confinia
1808 2537 2095 2583 descendentem,
2122 2538 2214 2587 (vide
2236 2553 2319 2574 mox
2331 2543 2378 2588 4.)

468 2620 546 2646 tnm
581 2608 811 2643 mascalares
844 2605 948 2645 colli,
988 2603 1234 2637 vertebralem
1258 2605 1458 2637 secundam
1482 2613 1515 2638 et
1533 2604 1691 2638 surculos
1710 2603 1754 2639 ad
1774 2617 1920 2639 nervum
1941 2617 2086 2652 vagum,
2112 2606 2257 2640 muscul.
2279 2605 2376 2654 diga-

468 2676 616 2713 stricum
637 2683 670 2708 et
689 2672 832 2714 tubam,
859 2679 1097 2717 assurgentem
1120 2669 1261 2716 insuper
1282 2672 1487 2704 carotidem
1506 2677 1720 2715 externam;
1758 2671 1817 2718 (5.)
1838 2681 2055 2718 postremum
2075 2670 2240 2706 dividitur
2260 2672 2295 2707 in
2314 2686 2374 2707 ca-

466 2745 627 2780 rotidem
659 2739 884 2774 cerebralem
917 2736 982 2784 (X)
1011 2745 1044 2770 et
1075 2736 1311 2770 ramusculum
1343 2737 1665 2781 mylolzyoidezcm,
1702 2740 1796 2783 juxta
1827 2750 2005 2773 summum
2041 2737 2260 2787 pharyngem
2298 2716 2376 2786 ’(ωὶ

466 2809 628 2846 surculos
644 2804 764 2852 tradit)
781 2803 824 2839 ad
842 2816 948 2838 muse.
967 2801 1258 2852 mylohyoideum
1278 2801 1404 2850 (Musc.
1422 2802 1488 2850 15.)
1508 2817 1618 2851 usque
1635 2804 1895 2847 continuatum,
1923 2814 2026 2852 atque
2042 2804 2077 2839 in
2094 2804 2195 2839 icone
2213 2806 2271 2852 fig.
2291 2818 2304 2840 1
2316 2807 2371 2840 18.

463 2889 548 2926 prae
570 2872 736 2923 glandula
754 2869 968 2917 sublinguali
988 2878 1244 2915 emergentem,
1271 2868 1404 2904 nullam
1427 2879 1544 2905 tamen
1562 2880 1681 2905 notam
1700 2879 1887 2918 gerentem.

408 2944 460 2980 Ex
488 2942 604 2985 hisce,
631 2938 730 2986 siglis
756 2935 898 2983 adjectis
918 2933 1134 2970 indicantur:

412 3014 445 3046 4.
462 3013 494 3045 4.
522 3008 600 3043 Art.
631 3004 827 3051 lingzcalis,
855 3016 873 3037 e
895 3000 1060 3037 carotide.
1110 2999 1162 3035 Ex
1176 3013 1215 3035 ea
1231 3000 1456 3048 pharyngea
1477 3000 1730 3050 (oesophageae
1751 3015 1933 3051 supremae
1954 3003 2027 3051 (27)
2052 3016 2112 3052 pel.
2137 3005 2371 3039 anastomosiu

466 3076 599 3123 juncta)
620 3071 832 3108 musculares
845 3070 1045 3114 hyoideae,
1074 3069 1276 3102 traclzealis
1298 3071 1392 3114 juxta
1414 3068 1590 3104 tracheam
1611 3068 1824 3105 descendens
1842 3081 1879 3105 ut
1895 3070 2060 3105 tracheali
2075 3070 2267 3117 assurgenti
2284 3070 2369 3118 (26.)

463 3143 639 3185 confluat,
666 3141 850 3184 laryngea
863 3150 876 3180 ;
903 3135 1090 3170 novissime
1109 3137 1289 3181 lingualis
1310 3137 1455 3171 ultima.
1494 3135 1630 3177 Quibus
1649 3137 1813 3171 omnibus
1834 3136 2021 3181 arterioliS,
2057 3145 2179 3184 utpote
2214 3136 2250 3171 in
2270 3136 2371 3172 icone

464 3208 566 3244 facile
588 3219 629 3242 eo
653 3218 726 3253 quo
752 3202 1031 3239 enumeravimus
1049 3198 1173 3236 ordine
1195 3200 1459 3250 investigandis,
1485 3212 1588 3237 notae
1610 3213 1682 3237 non
1701 3202 1885 3251 inscriptae
1909 3213 1998 3239 sunt.

410 3278 440 3311 5.
468 3275 545 3310 Art.
569 3274 708 3307 cat-otis
731 3278 901 3314 externa,
928 3268 1049 3316 capitis
1068 3267 1141 3302 basi
1162 3278 1255 3303 retro
1279 3267 1455 3316 stapedem
1478 3267 1622 3313 accedit,
1649 3281 1710 3316 per
1730 3270 1886 3305 canalem
1909 3269 2099 3305 caroticum
2120 3279 2302 3305 externum
2328 3268 2372 3305 ad

468 3343 594 3376 fossam
616 3337 847 3385 temporalem
873 3348 1062 3383 emergens.
1090 3335 1146 3381 (cf.
1170 3333 1257 3369 Tab.
1268 3336 1314 3369 X.
1335 3334 1419 3383 figg.
1437 3337 1515 3369 2513.
1535 3344 1568 3370 et
1582 3335 1660 3369 243·
1684 3335 1727 3382 y.)

408 3407 554 3454 Egressa
577 3419 618 3440 ex
641 3404 709 3438 hoc
730 3403 840 3437 canali
861 3402 895 3437 in
916 3414 1065 3437 ramum
1081 3402 1332 3446 posteriorem
1350 3410 1383 3436 et
1401 3403 1627 3437 anteriorem
1647 3400 1866 3437 divaricatur.
1894 3402 1976 3446 Ille,
2004 3404 2197 3438 cervicalis
2221 3405 2372 3440 descen-

470 3475 580 3512 dens,
618 3471 667 3516 (6)
695 3467 879 3516 temporali
901 3468 1059 3503 musculo
1083 3468 1242 3503 surculos
1262 3454 1401 3512 tribuit,
1427 3468 1629 3503 arteriolam
1656 3470 1889 3514 profundam
1911 3468 1975 3517 ipsi
1995 3469 2062 3503 ossi
2081 3468 2203 3512 tradit,
2232 3482 2371 3503 muscu—

466 3538 556 3573 lares
577 3535 718 3570 cervicis
735 3544 768 3570 et
787 3544 937 3582 quatuor
959 3535 1095 3582 priores
1114 3535 1324 3570 vertebrales
1344 3531 1389 3568 ad
1408 3547 1553 3582 specum
1569 3534 1799 3569 vertebralern
1820 3535 1944 3570 emittit
1963 3536 2034 3582 (fig.
2052 3547 2129 3569 121.
2144 3536 2185 3569 δ’.
2201 3536 2243 3568 6'.
2257 3535 2298 3568 δ’.
2314 3535 2371 3580 6'.)

470 3614 575 3651 atque
601 3601 761 3645 demum,
793 3600 907 3636 media
928 3601 1076 3645 cervice,
1103 3600 1245 3636 arteriae
1264 3600 1452 3636 vertebrali
1470 3600 1709 3637 committitur.
1761 3602 1842 3649 (6*.)
1870 3601 1938 3636 Hic
1960 3614 2063 3644 vero,
2090 3614 2205 3641 ramus
2231 3608 2371 3644 tempo-

473 3670 769 3710 ro-muscularis,
783 3670 834 3717 (7)
855 3667 1009 3716 primum
1032 3669 1257 3714 temporale-s
1274 3679 1387 3704 ramos
1399 3668 1559 3703 musculo
1580 3667 1766 3715 temporali
1785 3668 2013 3714 inserit,·tum
2034 3667 2167 3703 orbitae
2189 3675 2288 3701 arter.
2309 3678 2369 3699 su-
