2693 4077
263 358 338 400 ¹72
956 348 1294 376 ExrchTIo
1325 334 1658 389 F1c.189.190.

309 448 390 485 dem
428 445 714 495 comparabatur,
752 455 862 487 nunc,
902 443 1027 477 Okeno
1065 449 1186 475 nostro
1215 439 1387 485 monitus,
1413 440 1501 488 (Isis.
1524 441 1641 488 1819.)
1670 440 1813 476 restitui.
1865 439 2034 475 Obstabat
2058 440 2219 487 quidem,
2245 442 2346 491 quod

313 516 411 551 nervi
430 513 608 562 trigemini
631 523 766 545 ramum
785 508 1093 543 infr-amaxillarem
1117 520 1135 541 e
1156 507 1328 543 foramine
1352 508 1408 556 (ὅ.)
1435 506 1562 542 educit.
1616 507 1689 541 Nec
1708 520 1813 551 vero,
1840 508 1972 542 cunctis
1993 506 2035 541 ad
2058 508 2225 542 trutinam
2250 523 2350 546 revo-

315 582 415 626 catis,
442 580 532 615 hanc
553 578 724 612 rationem
747 574 836 610 adeo
862 574 1203 623 praeponderantem
1226 573 1297 609 esse
1322 574 1496 619 intellexi,
1525 583 1563 608 ut
1583 573 1722 608 vincere
1747 576 1854 622 possit
1876 588 1917 610 ex
1939 574 2036 608 omni
2055 574 2216 608 omnium
2239 584 2353 610 verte-

312 650 496 684 bratorum
526 643 729 679 animalium
761 642 849 677 serie
883 641 1037 677 derivata
1064 650 1269 689 argumenta
1291 654 1347 684 ea,
1374 654 1463 688 quae
1484 640 1630 685 docent,
1658 641 1746 676 alam
1771 645 1940 687 majorem
1963 640 2172 688 sphenoidei
2193 653 2263 676 non
2285 641 2352 676 nisi

312 716 349 751 in
382 711 626 748 mammalibus
649 709 803 757 denique
822 709 950 744 sensim
983 708 1097 744 evolvi
1120 717 1222 755 atque
1245 707 1389 755 quidem
1414 721 1486 742 uon
1508 721 1549 743 ex
1570 708 1647 756 ipso
1669 708 1877 756 spbenoidei
1898 720 2064 756 corpore,
2091 707 2152 742 sed
2174 721 2193 742 e
2214 719 2350 755 proces·

314 794 416 817 suum
447 776 763 828 pterygoideorum
790 775 861 812 basi
882 775 996 824 potius
1029 774 1074 809 ad
1095 774 1264 809 calvariae
1285 775 1439 822 aliquam
1465 785 1598 823 partem
1618 774 1873 810 occludendam
1893 788 2101 810 excrescere.
2154 774 2209 809 De
2226 788 2294 822 qua
2315 786 2354 808 re

313 848 444 895 ipsum,
473 845 572 894 quod
592 846 628 880 in
652 852 886 893 promtu'est,
913 844 973 876 ari
994 841 1217 889 aliorumque
1238 842 1493 876 ruminantium
1515 842 1693 886 cranium,
1720 843 1790 876 alas
1812 844 1961 888 majores
1980 856 1997 876 a
2011 851 2109 890 parte
2125 840 2355 890 pterygoidea

314 914 444 949 ossium
471 911 772 961 sphenoideorum
792 910 849 944 vix
869 909 1087 957 aliquantum
1106 905 1323 957 assurgentes
1344 908 1493 954 habens,
1521 908 1662 944 abunde
1682 918 1836 944 testatur.
1864 910 1920 957 (ef.
1940 911 2025 957 figg.
2047 922 2125 955 199-
2141 908 2271 955 eoas.)

371 981 492 1029 (Plura
513 979 556 1014 de
576 979 672 1014 hisce
693 978 728 1012 in
752 976 843 1011 Iside
864 976 939 1022 Le.)

264 1063 292 1084 e.
326 1049 471 1094 Corpus
502 1047 721 1094 sphenoidei
751 1044 822 1079 sive
856 1044 1036 1078 vertebrae
1065 1043 1175 1078 cranii
1206 1043 1394 1087 secundae,
1417 1044 1683 1092 (gustator-iae)
1715 1056 1895 1092 processus
1922 1042 2187 1092 pterygoideos,
2230 1036 2265 1076 in
2289 1041 2359 1076 alas

315 1116 465 1160 majores
492 1110 722 1156 evolvendos,
753 1124 916 1146 arcuum
946 1111 1044 1155 loco,
1082 1123 1119 1145 os
1140 1111 1304 1158 parietale
1332 1123 1416 1145 vero
1449 1113 1586 1146 cristae
1609 1125 1669 1146 seu
1702 1123 1883 1158 processus
1898 1110 2035 1159 spinosi
2056 1110 2164 1144 instar
2185 1108 2355 1144 habentis.

315 1181 517 1216 Plurimum
546 1181 752 1227 elongatum
785 1178 855 1212 hoc
889 1190 928 1212 os
958 1190 1137 1224 processus
1167 1178 1415 1227 pterygoideos
1434 1177 1469 1212 in
1494 1179 1587 1226 pisce
1618 1191 1682 1213 nec
1711 1177 1887 1222 adcretos,
1915 1190 1979 1212 nec
2003 1177 2161 1224 proxime
2182 1186 2356 1224 appensos

271 1278 275 1282 .
315 1249 423 1297 gerit,
460 1257 498 1282 ut
535 1247 596 1294 qui
629 1245 729 1280 faciei
761 1257 835 1279 ossa
858 1244 967 1279 secuti
989 1254 1206 1288 extrorsum,
1234 1245 1410 1280 maxillam
1430 1245 1636 1280 inferiorem
1657 1256 1792 1289 versus,
1818 1244 2026 1280 delabantur
2063 1245 2118 1294 (cf.
2141 1245 2202 1292 fig.
2221 1243 2357 1289 191.f.)

318 1326 422 1364 atque
441 1315 477 1349 in
498 1313 570 1362 ipsa
591 1311 763 1363 testudine
783 1313 973 1362 palatinam
994 1311 1105 1359 magis
1124 1325 1231 1358 quam
1255 1312 1363 1346 cranii
1382 1312 1564 1359 regionem
1586 1321 1771 1360 occupent.

266 1398 318 1421 m.
347 1383 548 1419 Parietale.
575 1382 749 1429 (Cavier,
778 1391 816 1414 os
834 1379 984 1414 frontale
1006 1378 1189 1426 posterius.
1248 1380 1369 1420 Okmz,
1396 1376 1586 1414 Brambein
1606 1379 1627 1413 i.
1643 1393 1671 1413 e.
1696 1392 1735 1413 os
1756 1377 2006 1426 superciliare.)
2058 1377 2203 1412 Ossibus
2223 1386 2361 1422 tempo-

318 1463 399 1484 rum
436 1446 618 1495 quondam
646 1447 747 1481 nobis
776 1445 1064 1488 adnumeratum,
1100 1453 1204 1492 atque
1227 1445 1370 1492 quidem
1398 1446 1486 1492 parti
1508 1457 1733 1492 squammae
1754 1445 1936 1479 collatum.
1988 1443 2090 1478 Hanc
2112 1456 2194 1478 vero
2217 1443 2259 1476 ab
2284 1453 2361 1474 osse

321 1518 511 1563 quadrato
539 1515 613 1561 (fig.
641 1519 719 1559 191.
736 1513 788 1559 g.)
818 1522 890 1545 non
921 1511 1094 1545 diversam
1116 1523 1188 1545 esse
1209 1510 1298 1545 mihi
1320 1525 1413 1546 nunc
1433 1511 1556 1546 videor
1579 1524 1678 1558 posse
1700 1512 1873 1558 probare,
1901 1510 1986 1559 (Isis.
2015 1512 2117 1545 1821.
2138 1510 2216 1555 l.c.)
2247 1520 2362 1554 neque

323 1581 403 1616 ideo
433 1582 527 1626 juxta
559 1579 649 1614 illud
678 1580 781 1614 statui
803 1577 941 1614 debere.
994 1574 1038 1612 Et
1059 1576 1227 1624 quoniam
1250 1576 1347 1625 quod
1368 1578 1523 1625 parietali
1543 1578 1626 1612 alias
1647 1577 1886 1624 adjudicatum
1909 1586 1984 1612 erat
2006 1590 2061 1621 os,
2089 1577 2145 1626 (a.)
2166 1578 2237 1622 jam
2258 1574 2366 1609 inter-

325 1648 493 1696 parietale
514 1660 607 1681 nunc
628 1645 797 1690 diximus,
824 1645 909 1689 hoc,
935 1643 979 1679 de
1002 1656 1074 1691 quo
1095 1654 1190 1678 nunc
1211 1644 1343 1692 agitur,
1369 1644 1545 1692 squamosi
1569 1646 1667 1689 loco,
1688 1646 1880 1691 parietale
1900 1643 2123 1679 salutandum
2148 1643 2224 1678 erit.

380 1713 489 1757 Quod
516 1714 703 1762 reciproco
739 1714 844 1748 etiam
867 1712 1084 1759 reliquarum
1104 1710 1257 1759 partium
1280 1711 1347 1745 situ
1368 1712 1493 1745 fortius
1510 1712 1689 1758 innuitur3
1717 1710 1890 1759 siquidem
1912 1722 1951 1745 os
1973 1710 2099 1745 frontis
2121 1710 2210 1744 inter
2231 1716 2266 1743 et
2288 1721 2362 1743 ma·-

333 1780 507 1817 stoideum
527 1791 630 1829 atque
653 1779 863 1828 quadratum
883 1779 968 1826 (sive
988 1789 1233 1825 squamosum,
1260 1779 1475 1826 fig.191.g.)
1502 1778 1696 1827 excipitur3
1724 1788 1814 1825 quae
1832 1785 1998 1812 constans
2022 1787 2073 1812 est
2095 1775 2287 1824 superioris
2309 1787 2368 1808 or-

328 1848 420 1883 dinis
449 1849 731 1882 vertebratorum
761 1844 904 1880 fabrica.
958 1843 1096 1885 Quodsi
1116 1843 1226 1888 dicas,
1254 1857 1272 1878 a
1293 1856 1447 1892 corpore
1468 1845 1552 1879 ossis
1570 1844 1779 1893 sphenoidei
1802 1843 1899 1880 hiatu
1917 1852 2055 1892 praeter
2075 1851 2214 1877 morem
2235 1850 2367 1888 magno

327 1913 562 1951 intercedente
593 1913 721 1948 distare
754 1921 916 1947 nostrum
944 1910 1013 1946 hoc
1046 1911 1234 1959 parietale3
1271 1911 1621 1947 animadvertendum
1652 1908 1733 1956 erit,
1760 1911 1849 1946 nulli
1874 1910 2081 1945 vanimalium
2099 1922 2183 1944 cnm
2205 1907 2282 1956 ipso
2301 1906 2366 1941 illo

330 1980 538 2031 sphenoidei
568 1991 720 2028 corpore
751 1978 938 2026 conjungi,
972 1977 1033 2013 sed
1064 1990 1246 2026 processus
1278 1979 1501 2027 pterygoidei
1532 1978 1604 2013 basi
1638 1979 1672 2013 in
1704 1978 1793 2013 alam
1823 1980 1992 2025 majorem
2016 1977 2096 2025 plus
2116 1976 2231 2010 minus
2250 1986 2371 2009 excre-

329 2049 455 2092 scenti,
493 2048 609 2096 potius
627 2046 742 2082 inniti.
797 2045 913 2087 Quem
936 2055 1022 2080 vero
1046 2056 1249 2092 processum
1272 2044 1542 2093 pterygoideum
1565 2046 1717 2093 piscibus
1735 2059 1752 2079 a
1770 2044 1989 2092 sphenoicleo
2009 2043 2194 2078 diductum
2217 2053 2289 2077 esse
2309 2053 2368 2083 su·

331 2130 396 2166 pra
416 2115 660 2150 intelleximus.
714 2111 820 2147 Unde
836 2110 946 2160 'igitur
966 2111 1043 2156 ille,
1070 2110 1114 2146 de
1136 2124 1207 2159 quo
1230 2110 1363 2146 dictum
1386 2121 1452 2156 est,
1479 2111 1594 2146 hiatus
1616 2110 1849 2160 ‘explicandus
1869 2109 1951 2155 erit,
1977 2110 2063 2157 quin
2083 2110 2169 2144 ossis
2192 2106 2369 2156 parietalis

334 2195 465 2218 nomen
485 2180 692 2217 mutandum
713 2178 881 2214 videatur.

278 2263 310 2295 12·
336 2251 505 2284 Lamina
535 2250 679 2290 medin,
718 2249 810 2281 ossis
839 2247 1058 2288 ethmoidei‚
1096 2246 1166 2280 sive
1196 2245 1314 2293 spinae
1342 2243 1549 2293 sphenoidei
1570 2244 1768 2292 productio.
1822 2244 1961 2291 Corpus
1984 2243 2106 2277 tertiae
2132 2240 2240 2277 cranii
2259 2249 2371 2275 verte-

329 2317 428 2360 brae,
454 2315 526 2350 scil.
555 2315 859 2361 ophthalmicae;
887 2314 986 2359 cujus
1009 2325 1139 2347 arcum
1162 2312 1236 2347 alae
1257 2313 1428 2356 minores,
1456 2313 1612 2346 cristam
1632 2324 1707 2346 ossa
1729 2309 1856 2346 frontis
1878 2309 2042 2345 efficiunt.

283 2382 310 2418 1.
336 2384 414 2418 Ala
432 2384 577 2426 minor,-
606 2380 733 2428 passim
754 2380 823 2414 alio
846 2379 991 2414 nomine
1012 2379 1154 2414 veniens
1175 2379 1388 2414 auctoribus.
1440 2377 1511 2413 Sed
1531 2379 1594 2413 sub
1616 2390 1691 2413 osse
1711 2378 1837 2413 frontis
1857 2376 1900 2412 ad
1918 2377 2053 2411 orbitae
2076 2375 2268 2424 posteriora
2289 2385 2374 2407 con-

335 2450 419 2485 finia
438 2449 567 2494 latitat3
595 2448 735 2483 interno
757 2447 808 2481 sui
831 2446 991 2493 margine
1012 2459 1029 2480 e
1045 2444 1237 2494 grandiore
1259 2444 1372 2490 hiatu,
1399 2457 1480 2480 cnm
1500 2457 1698 2492 congenere
1719 2445 1933 2485 confluente,
1963 2444 2022 2489 (ζ.)
2043 2456 2188 2477 nervum
2216 2441 2375 2488 opticum

339 2526 524 2552 exeuntem
551 2514 676 2559 habet3
713 2523 859 2549 externo
893 2526 975 2548 vero
1007 2513 1166 2561 margine
1199 2511 1297 2547 nervi
1324 2511 1503 2559 trigemini
1527 2523 1662 2545 ramum
1685 2509 2010 2556 supramaxillarcni
2033 2521 2073 2541 ex
2096 2508 2203 2551 ostio,
2230 2509 2373 2540 fissurae

339 2583 479 2618 orbitali
510 2580 684 2629 superiori
715 2578 944 2626 comparabili
967 2578 1026 2625 (ε.)
1047 2577 1173 2612 educit.
1226 2577 1426 2611 Plurimum
1449 2577 1557 2623 igitur
1582 2576 1656 2610 alae
1680 2574 1809 2609 minori
1831 2574 1915 2609 ossis
1935 2572 2158 2622 sphenoidei,
2184 2572 2375 2622 superioris

345 2648 483 2683 ordinis
503 2646 725 2690 animalium,
751 2643 924 2692 congruit.

292 2724 317 2750 t.
349 2718 401 2750 Os
419 2716 570 2757 frontis.

291 2795 322 2816 ο.
353 2783 503 2816 Vomer.
556 2778 710 2821 Quartae
738 2776 847 2812 cranii
875 2777 1054 2812 vertebrae
1086 2776 1333 2825 (olfactoriae)
1364 2789 1502 2825 eorpuS.
1556 2774 1758 2819 Accedunt,
1786 2787 1942 2809 arcuum
1962 2773 2065 2821 hujus
2085 2775 2262 2810 vertebrae
2285 2776 2375 2821 loco,

353 2846 554 2884 ethmoidea
578 2846 752 2889 lateralia·⁷
781 2857 855 2878 osse
875 2843 964 2887 nasi,
991 2841 1098 2877 veluti
1112 2857 1294 2889 processu
1313 2846 1482 2891 spinoso,
1510 2843 1696 2878 novissime
1717 2841 1947 2889 superposito.

294 2930 321 2951 s.
348 2916 614 2950 Ethmoideum
644 2913 812 2946 laterale.
865 2909 1052 2944 Foramine
1086 2910 1288 2953 olfactorio,
1315 2912 1374 2958 (η.)
1402 2922 1549 2944 nervum
1570 2908 1828 2957 homonymum
1855 2907 2041 2952 educente,
2077 2918 2312 2955 exstructum,
2338 2919 2377 2944 ut

346 2981 390 3017 de
409 2981 517 3028 ipsius
536 2979 621 3013 ossis
639 2975 1021 3025 significatu,.pridem
1046 2976 1147 3011 nobis
1167 2977 1338 3022 stabilito,
1365 2977 1421 3022 (cf.
1444 2975 1528 3011 Isid.
1543 2976 1662 3023 1818.)
1685 2974 1815 3023 ambigi
1836 2974 1891 3009 vix
1913 2985 2026 3023 queat.

298 3050 327 3084 Ξ.
358 3050 410 3083 Os
427 3048 534 3090 nasi,·
560 3044 726 3093 simplex,
752 3054 790 3079 ut
814 3042 971 3090 occipitis
990 3043 1101 3077 crista.

463 3113 629 3162 (Reliqua
653 3111 740 3160 sigla
767 3110 846 3146 vide
872 3108 917 3144 ad
947 3109 1100 3156 calcem.)

1095 3227 1435 3264 FlcURA
1495 3232 1602 3282 190.

408 3317 514 3352 Idem
535 3316 682 3362 cyprini
701 3314 854 3349 brumae
874 3314 1063 3354 cranium,
1091 3325 1115 3346 a
1135 3318 1250 3360 tergo.

309 3396 343 3418 a.
359 3383 427 3416 b.c.
456 3383 567 3427 Basis,
594 3395 695 3416 arcus
717 3390 750 3415 et
771 3381 873 3414 crista
894 3379 1062 3427 occipitis.

310 3452 344 3486 d.
357 3450 391 3483 lz.
423 3447 604 3482 Petrosum
625 3458 659 3483 et
679 3445 912 3483 mastoideum
929 3455 960 3481 v.
978 3458 1089 3494 supra.

313 3517 344 3550 5.
372 3513 421 3549 Os
441 3513 631 3549 mastoideo
655 3515 921 3555 accessorium,
949 3512 1018 3547 hoc
1036 3513 1103 3547 situ
1126 3525 1268 3560 prorsus
1288 3512 1520 3548 manifestum.

313 3600 345 3620 α.
368 3581 541 3616 Foramen
565 3592 730 3626 magnum
751 3579 918 3626 occipitis.

314 3656 356 3688 θ,
382 3646 609 3682 Emissarium
628 3645 723 3680 sinus
740 3646 884 3694 imparis
903 3645 1051 3693 duplex,
1078 3643 1122 3680 ad
1140 3655 1344 3693 apparatum
1363 3645 1553 3680 acusticum
1575 3642 1713 3680 faciens.
