2693 4077
801 358 1138 386 nxrnchTIo
1170 357 1428 384 TARXXIX.
1461 344 1774 399 F1G.172.175.
1797 345 1886 398 174:
2307 360 2384 406 109

309 460 424 501 β.γ.ὃ.
455 454 552 489 Basis
573 453 712 489 ossiculi
745 449 870 486 cordis.
923 455 952 495 β.
979 449 1142 486 Convexa
1165 462 1260 497 pars,
1294 450 1455 484 arteriam
1475 451 1715 497 pulmonalem
1735 464 1864 487 versus.
1913 472 1942 499 γ.
1966 452 2111 488 Sinuata
2130 468 2222 501 pars,
2249 467 2384 493 aortam

361 520 535 555 sinistram
568 530 734 569 spectans.
786 525 814 556 ὃ.
844 530 924 565 pars
955 515 1113 561 declivis,
1148 528 1237 564 quae
1268 515 1302 550 in
1332 517 1493 552 arteriam
1525 530 1689 565 magnam
1718 530 1943 555 communem
1972 533 2092 555 versus
2125 520 2297 569 dirigitur.
2326 524 2382 570 (ef.

358 588 652 633 figg.17o.171.)

310 653 358 687 A.
388 653 524 687 Lumen
544 653 687 687 arteriae
710 663 856 698 magnae
886 649 1093 685 communis.

306 720 354 752 B.
380 718 514 755 Aortae
535 719 690 753 sinistrae
715 718 846 754 lumen.

315 786 353 818 C.
383 786 541 820 Arteriae
561 784 772 832 pulmonalis
792 784 923 818 lumen.

313 864 341 884 1.
371 851 486 886 Paries
509 851 705 886 communis
726 850 888 884 arteriam
909 863 1072 897 magnam
1093 851 1183 885 inter
1206 859 1239 884 et
1262 860 1397 886 aortam
1420 851 1605 886 sinistram.

310 929 342 951 2.
371 917 505 963 Paries,
531 928 646 952 aortae
669 917 824 952 sinistrae
851 927 884 952 et
914 917 1060 951 arteriae
1079 917 1276 964 pulmonali
1303 919 1509 953 communis.

310 985 344 1017 5.
375 983 505 1027 Par-ies7
531 984 691 1018 arteriam
714 996 878 1031 magnam
900 986 990 1018 inter
1011 993 1044 1018 et
1064 983 1304 1030 pulmonalem
1338 985 1544 1019 communis.

310 1052 340 1086 b.
368 1052 536 1086 Valvnlae
572 1050 672 1085 binae
706 1050 750 1084 ad
778 1050 954 1097 originem
986 1051 1130 1085 arteriae
1158 1050 1387 1098 pulmonalis,
1423 1065 1572 1098 quarum
1595 1051 1702 1086 altera
1726 1052 1877 1087 ossiculo
1897 1051 2012 1087 cordis
2035 1053 2194 1101 proxime
2217 1053 2382 1103 adposita.

361 1119 414 1165 (ef.
436 1120 517 1165 figg.
536 1119 613 1151 164.
629 1129 705 1162 171.
721 1117 763 1165 b.)

308 1186 332 1217 i.
361 1185 510 1219 Valvula
532 1184 661 1231 duplex
681 1184 717 1217 in
737 1193 832 1217 aorta
854 1183 989 1217 sinistra
1010 1183 1214 1231 incipiente,
1242 1184 1346 1218 simili
1369 1184 1492 1232 positu.
1520 1185 1574 1232 (cf.
1596 1187 1678 1232 figg.
1703 1186 1781 1219 165.
1800 1199 1877 1230 171.
1892 1187 1929 1233 i.)

308 1264 340 1296 q.
370 1251 526 1298 Utraque
552 1250 687 1285 valvnla
714 1249 858 1282 arteriae
879 1263 1023 1295 magnae
1045 1250 1242 1284 eommunis
1262 1252 1437 1298 originem
1460 1261 1588 1285 tenens.
1615 1253 1670 1297 (cf.
1690 1253 1749 1299 fig.
1768 1255 1905 1299 171.q.)

308 1316 354 1350 Α.
373 1320 401 1352 δ.
421 1330 446 1350 1.
463 1319 494 1350 5.
512 1331 543 1363 q.
571 1317 749 1351 Arteriae
773 1328 935 1361 magnae
957 1318 1141 1349 commum·
1163 1317 1373 1363 pertinentes
1394 1328 1524 1364 partes,
1552 1331 1636 1363 quas
1657 1330 1814 1352 seorsum
1834 1319 1912 1354 vide
1935 1333 2050 1367 supra.

309 1383 353 1416 B.
365 1400 393 1428 y.
413 1395 439 1416 1.
455 1394 484 1416 2.
499 1385 521 1416 i.
548 1382 606 1416 Ad
628 1389 776 1416 aortam
797 1383 989 1415 sinistram
1012 1382 1174 1416 facientes
1196 1392 1324 1429 partes,
1352 1397 1502 1430 quarum
1525 1392 1621 1417 notas
1644 1382 1721 1417 vide
1742 1396 1845 1430 supra
1863 1385 2079 1432 singillatim.

314 1449 397 1494 Cst.
413 1451 485 1483 25.
503 1450 532 1483 b.
560 1450 737 1483 Arteriace
756 1450 986 1494 pulmonalis
1012 1457 1135 1495 partes.
1187 1448 1351 1495 Singulas
1374 1448 1452 1483 vide
1473 1461 1576 1496 snpra
1596 1461 1753 1484 seorsum
1777 1449 1964 1497 explicitas.

416 1517 530 1549 Hisce
562 1517 607 1549 de
637 1516 789 1548 cordis
817 1516 1028 1549 ossiculo
1052 1517 1296 1565 praemissis,
1329 1518 1465 1561 paucis
1498 1528 1595 1549 nunc
1624 1516 1770 1550 absolvi
1793 1524 1990 1561 poterunt,
2020 1531 2116 1564 quae
2138 1520 2184 1554 cle
2201 1522 2284 1568 ejus
2303 1534 2389 1557 usu

358 1583 569 1615 statuenda.
621 1582 751 1615 Facile
784 1583 882 1615 enim
912 1583 1153 1631 intelligitur,
1194 1595 1267 1616 non
1296 1584 1426 1616 Solum.
1447 1584 1611 1616 arterias
1638 1597 1843 1629 earumque
1876 1586 2009 1619 valvas
2039 1589 2245 1627 eo‚‘veluti
2255 1590 2387 1632 fulcro

359 1650 544 1688 communi
572 1649 645 1688 uti,
683 1649 752 1680 secl
768 1650 1006 1692 potissimum
1026 1650 1231 1682 earundem
1248 1651 1480 1682 arteriarum
1499 1650 1706 1683 mimulam
1729 1651 2008 1685 constrictorem
2035 1653 2092 1699 (cf.
2109 1653 2182 1699 fig.
2201 1656 2280 1689 164.
2299 1658 2380 1689 165.

357 1721 393 1748 et
421 1727 539 1759 supra
575 1713 665 1746 Tab.
690 1714 801 1746 XVI.
821 1714 876 1760 Β.)
910 1716 964 1748 ad
993 1716 1220 1748 occludenda
1251 1727 1427 1749 vasorum
1449 1717 1610 1757 lumina,
1638 1730 1658 1750 e
1676 1716 1803 1749 stabili
1823 1717 1911 1757 hoc,
1939 1730 2006 1752 nec
2019 1721 2211 1763 pressioni
2234 1724 2385 1755 cedente

356 1781 545 1823 canalium
564 1780 685 1813 medio
706 1792 828 1820 osseo,
856 1793 930 1816 non
949 1783 1152 1815 mediocres
1173 1793 1308 1825 capere
1324 1782 1440 1823 vires,
1469 1788 1647 1827 tantoque
1663 1784 1809 1827 majore
1824 1785 1966 1828 impetu
1995 1788 2234 1830 sanguinem,
2261 1801 2286 1821 a
2304 1801 2388 1821 ven-

359 1847 490 1880 triculo
510 1847 632 1879 cordis
654 1847 882 1888 arteriarum
904 1849 1045 1887 truncis
1065 1848 1320 1890 transfusum,
1348 1860 1393 1882 ea
1413 1849 1667 1881 contractione
1680 1850 1914 1892 propellere,
1944 1862 2056 1894 quam
2074 1865 2193 1897 aequo
2209 1853 2385 1898 rlzytlzmo

359 1914 481 1946 cordis
498 1913 648 1957 pulsum
672 1913 792 1958 sequi,
822 1913 1038 1959 multiplici,
1065 1914 1104 1946 in
1125 1914 1333 1946 viventibus
1358 1915 1551 1954 instituta,
1580 1913 1838 1950 observatione
1862 1918 2027 1961 cognovi.

1564 2049 1592 2060 ,-

1088 2066 1424 2097 FIGURA
1500 2058 1606 2114 176.

416 2183 583 2227 Thymus
601 2185 755 2229 ejusque
777 2195 872 2217 vasa
894 2181 1124 2227 sanguifera.

312 2252 353 2283 Θ.
386 2251 554 2293 Thyrmis·
577 2263 594 2283 a
612 2258 743 2283 ventre.
772 2250 828 2295 (cf.
852 2248 938 2282 Tab.
952 2247 1053 2281 XVI.
1066 2249 1124 2293 fig.
1140 2248 1196 2281 66.
1219 2257 1252 2282 et
1269 2247 1356 2282 Tab.
1370 2247 1526 2283 XXVII.
1551 2249 1610 2296 fig.
1627 2250 1705 2285 156.
1717 2251 1773 2297 Θ.)

312 2318 362 2351 D.
380 2317 435 2349 25.
450 2318 504 2348 24.
530 2315 718 2348 Arteriae.
770 2315 819 2348 D.
846 2313 1030 2347 Subclavia
1063 2313 1199 2347 sinistra
1230 2323 1397 2348 truncata.
1453 2317 1509 2348 25.
1525 2317 1579 2349 25.
1593 2317 1659 2350 25‘.
1686 2316 1847 2351 Arteriae
1879 2315 2069 2366 thymicae,
2106 2332 2257 2366 quarum
2279 2322 2385 2358 altera

363 2380 570 2424 acccssoria3
598 2393 615 2414 e
638 2393 707 2427 qua
727 2379 884 2413 ramulus
903 2380 1133 2413 subcutaneus
1152 2380 1244 2414 colli.
1273 2381 1363 2428 (25‘.)
1394 2384 1448 2415 24.
1476 2381 1555 2415 Art.
1578 2380 1816 2428 oesophagea‚
1843 2396 1953 2430 prope
1975 2385 2149 2430 originem
2172 2388 2326 2426 abscissa.

311 2461 338 2484 c.
351 2451 388 2482 c'.
400 2450 433 2482 cl.
448 2449 561 2494 σίῑχοῖἳ·
590 2448 730 2481 Venae.
783 2459 809 2480 c.
838 2445 937 2479 Vena
972 2446 1165 2492 pectoralis.
1218 2449 1252 2480 d.
1280 2446 1380 2481 Vena
1410 2446 1562 2495 thynnica
1589 2461 1670 2482 cum
1688 2448 1855 2495 pectorali
1883 2451 2079 2493 conjuncta.
2130 2453 2168 2485 ε’.
2196 2452 2386 2490 Pectoralis

361 2513 549 2548 accessoria
582 2511 627 2546 ad
648 2511 849 2561 thymicam.
903 2514 952 2545 d1·
968 2514 1016 2545 εἰ]-
1046 2511 1186 2546 Ramuli
1208 2513 1328 2547 venosi
1349 2513 1391 2547 ab
1411 2514 1615 2548 arteriarum
1637 2514 1768 2548 truncis
1788 2525 2021 2560 assurgetite53
2055 2517 2090 2550 in
2120 2517 2308 2566 thymicam
2331 2521 2385 2555 vel

358 2579 571 2628 pectoralem
590 2577 791 2614 incidentes.
821 2580 929 2613 d2·cl²·
948 2576 1123 2622 Venulae,
1150 2592 1169 2612 a
1190 2591 1380 2614 nervorum
1400 2580 1507 2627 plexu
1527 2580 1686 2615 cardiaco
1713 2582 1774 2627 (cf.
1794 2580 1881 2615 Tab.
1892 2581 2029 2617 XXIII.
2050 2585 2133 2631 figg.
2149 2596 2227 2629 107.
2247 2598 2323 2631 117.
2336 2589 2386 2635 η.)

359 2645 532 2696 thymicae
550 2644 724 2680 advectae.

1088 2749 1420 2781 FIGURA
1496 2733 1605 2800 174.

414 2849 506 2882 Pul
513 2859 579 2881 mo
606 2846 755 2880 sinister
776 2860 802 2881 a
822 2853 926 2893 tergo
946 2859 1091 2881 Summa
1105 2847 1163 2880 sui
1167 2854 1282 2892 parte
1298 2849 1435 2883 incisus
1454 2856 1490 2882 et
1508 2855 1675 2894 apertuS,
1696 2856 1736 2883 ut
1755 2850 1952 2884 interiores
1974 2853 2088 2885 cellae
2109 2853 2186 2886 sive
2207 2866 2375 2889 recessus

363 2914 597 2961 pneumatici
617 2919 786 2958 pateant.
846 2915 1049 2948 Universus
1074 2926 1160 2947 vero
1176 2915 1308 2959 pulmo
1344 2929 1364 2949 e
1379 2915 1648 2961 grandioribus
1677 2918 1823 2951 cellis
1850 2917 2051 2961 corfflatu8‚
2081 2931 2196 2964 quae,
2225 2922 2382 2955 multum

356 2982 571 3028 patentium
593 2975 771 3013 ostiorum
789 2992 870 3025 ope,
897 2981 936 3014 in
962 2982 1124 3014 minores
1147 2982 1285 3015 ducunt
1312 2983 1500 3016 cellula
1513 2995 1552 3024 s,
1579 2984 1618 3016 in
1644 2985 1847 3018 areolas
1867 2986 2015 3019 demum
2035 2986 2251 3020 desinentes.
2283 2988 2383 3030 Qua-

364 3061 449 3082 rum
478 3047 637 3091 vestigia
658 3052 694 3079 et
724 3058 795 3090 per
820 3053 1011 3081 externam
1023 3048 1245 3092 pulmonum
1275 3049 1530 3083 membranam
1553 3051 1783 3084 translucent
1808 3057 1844 3084 et
1869 3051 1908 3084 in
1933 3052 2171 3085 interioribus
2204 3054 2381 3087 cellarum

360 3113 570 3158 parielibus
587 3111 877 3146 membranaceis
895 3113 1029 3159 ubique
1051 3115 1247 3159 adparent.
1284 3115 1362 3148 Nec
1371 3140 1382 3156 ,
1407 3121 1563 3160 praeter
1586 3115 1722 3150 karum
1742 3118 1919 3155 cellarum
1934 3119 2102 3162 parietes
2111 3143 2123 3159 ,
2146 3131 2166 3151 e
2183 3119 2379 3153 subtilissi-

366 3181 436 3212 mis
458 3179 703 3218 membranis,
733 3190 824 3212 vasa
844 3180 1079 3221 vehentibus,
1108 3187 1330 3221 exstructos,
1360 3181 1475 3214 ullum
1495 3182 1603 3215 aliud
1610 3184 1785 3227 pulmoni
1798 3184 2067 3228 parenclzynza.

315 3243 364 3278 E'.
392 3243 577 3278 Bronchus
599 3244 751 3287 sinister,
780 3257 890 3291 prope
911 3245 1118 3280 divisionem
1140 3245 1300 3280 tracheae
1327 3246 1363 3280 in
1384 3244 1563 3293 duplicem
1587 3248 1738 3282 fistulam
1759 3248 1937 3283 abscissus.

316 3309 408 3344 E'.1.
425 3322 454 3343 2.
470 3312 501 3343 5.
514 3313 545 3343 4.
558 3312 588 3344 5.
602 3311 634 3344 6.
648 3323 679 3355 7.
714 3309 870 3345 Brouchi
891 3311 1018 3346 sinistri
1043 3325 1104 3358 per
1133 3311 1338 3358 pulmonem
1360 3311 1577 3348 decurrentis
1601 3314 1676 3349 iter.
1727 3314 1787 3348 Ad
1807 3314 1902 3361 quod
1924 3315 2075 3363 apertius
2108 3316 2377 3365 intelligendum

367 3376 508 3410 consule
529 3375 726 3410 bronchum
747 3389 902 3412 seorsum
923 3377 1100 3425 depictum
1120 3379 1179 3424 fig.
1196 3379 1274 3422 175.

424 3454 453 3475 1.
481 3441 573 3486 Ubi,
608 3443 706 3478 brevi
731 3456 834 3478 eursu
865 3457 926 3491 per
946 3445 1155 3492 pulmonem
1174 3454 1335 3491 peracto,
1370 3445 1458 3480 ostio
1477 3445 1612 3482 laterali
1630 3446 1746 3494 primo
1768 3447 1804 3482 in
1825 3448 1969 3493 cellam,
1995 3461 2055 3484 seu
2078 3462 2249 3485 recessum
2272 3464 2380 3499 pneu-

479 3508 644 3543 maticum
667 3508 893 3557 grandiorem
916 3511 1071 3558 primum
1093 3510 1146 3557 (I.)
1173 3510 1410 3545 sinistrorsum
1435 3511 1508 3546 hiat
1527 3512 1718 3548 bronchus.

422 3585 452 3608 2.
479 3573 681 3609 Secundum
714 3575 841 3610 ostium
861 3576 1030 3623 bronchi,
1057 3576 1203 3613 ulterius
1230 3577 1442 3625 continuati,
1469 3577 1692 3617 dextrorsum
1725 3579 1762 3615 in
1784 3592 1957 3617 recessum
1980 3583 2241 3630 pneumaticum
2261 3597 2382 3619 secun-

481 3641 564 3677 dum
592 3640 663 3689 (II.)
690 3640 829 3677 ducens.

1931 3700 1973 3732 41
